2632 5002
388 670 432 721 Ao
451 670 684 725 Pnounrttttt'ot
702 671 861 728 Vtttcrtnt.
1145 672 1177 732 71

61 825 186 881 πολλῶν
200 817 362 898 ὀνομάτων
374 820 500 903 μορφὴν
512 822 596 900 μίαν.
625 828 753 885 Nimirum
769 840 913 888 senserunt
924 833 970 898 illi,
982 835 1028 907 qui
1039 836 1183 909 religiones

63 912 173 966 Graecis
196 910 389 976 condiderunt,
411 928 480 983 quos
502 912 568 967 deos
590 920 717 969 vocarent
732 914 810 969 nnius
826 916 965 983 cuiusdam
979 925 1091 974 naturae
1106 936 1184 979 eom-

61 996 195 1051 munitate
221 995 370 1060 contineri,
383 995 606 1074 'muneribusque
632 997 716 1069 magis
737 987 819 1070 atque
841 999 935 1055 officiis
957 1018 1036 1073 quam
1052 1007 1182 1076 separatis

61 1077 218 1135 numinibus
233 1078 355 1151 singulos
370 1077 404 1133 ab
416 1083 449 1134 se
464 1079 576 1135 invicem
592 1079 724 1136 discretos
739 1082 836 1137 virere.
867 1084 905 1139 lta
917 1083 1018 1140 iactum
1032 1095 1074 1141 est
1085 1096 1123 1152 ut,
1137 1089 1183 1162 qui
1242 1104 1245 1109 ·

61 1181 113 1237 pro
138 1161 298 1217 munenibus
318 1162 370 1218 illis
392 1163 488 1218 diversi
511 1163 545 1218 dii
566 1161 744 1236 putabantur,
767 1183 848 1238 saepe
865 1167 905 1222 vel
921 1169 1072 1225 coniunctis
1088 1171 1182 1227 officiis

62 1248 104 1303 sel
119 1264 175 1302 uno
190 1263 304 1302 munere
319 1247 378 1301 aliis
393 1247 514 1319 praelato
530 1248 555 1302 in
572 1265 653 1304 unum
669 1248 915 1315 confunderentur,
932 1268 964 1308 ao
979 1253 1060 1308 modo
1076 1253 1182 1311 dnobus

62 1331 229 1387 consociatis
244 1329 406 1395 nominibus,
422 1331 504 1389 modo
520 1348 573 1387 uno
589 1348 621 1387 en
636 1332 703 1387 alius
715 1332 758 1388 dei
769 1342 864 1389 natura
875 1335 961 1408 petito
973 1337 1182 1409 appellarentur.

62 1416 148 1488 ttagis
168 1423 261 1470 autem
281 1414 326 1469 illa
342 1414 453 1470 deorum
469 1417 495 1471 in
511 1432 590 1471 unam
605 1424 727 1472 naturam
743 1418 898 1474 coniunctio
913 1420 1038 1492 Aeschyli
1053 1437 1118 1477 aevo
1133 1439 1183 1494 per

63 1499 243 1572 philosophos
265 1498 402 1554 celebrata
421 1507 464 1554 est
485 1507 567 1571 atque
589 1499 725 1573 dispersa,
753 1493 785 1558 e'x
806 1519 859 1574 quo
874 1518 975 1575 genere
990 1504 1074 1560 multa
1089 1513 1182 1562 sunta

64 1584 174 1656 tragicis
189 1591 410 1638 commemorata.
440 1585 478 1638 Ae
493 1583 574 1639 Terra
590 1584 697 1656 quidem
713 1584 793 1640 modo
809 1585 903 1643 eadem
918 1604 987 1658 quae
1003 1587 1076 1644 Rhea
1091 1588 1181 1646 habitu

62 1676 114 1731 est,
131 1667 164 1723 de
181 1684 235 1738 qua
250 1684 333 1739 quum
348 1666 392 1722 alii
406 1667 483 1722 multi
498 1668 655 1740 scriptores,
672 1677 729 1723 tum
744 1669 930 1741 copiosissime
945 1672 1069 1744 exposuit
1079 1673 1182 1730 Lucre·

63 1752 117 1808 tius
133 1752 164 1806 ll.
174 1752 353 1808 aea—658.
368 1751 462 1822 paucis
476 1760 566 1806 autem
577 1752 735 1826 complexus
744 1752 901 1827 Apollonius
912 1753 1032 1811 llhodins
1043 1750 1180 1816 111098.

61 1836 182 1909 scripsit,
196 1835 299 1891 Rheam
318 1835 421 1897 diceus,

217 1914 251 1975 ἐκ
264 1913 323 1993 γὰρ
340 1920 394 1991 τῆς
408 1909 516 1989 ἄνεμοί
527 1934 559 1972 τε
575 1909 721 1972 θάλασσά
737 1935 769 1973 τε
784 1912 880 1976 νειόθι
895 1937 927 1976 τε
938 1915 1031 1994 χθὼν

216 2004 302 2057 πᾶσα
316 1994 491 2076 πεπείρηται
506 1993 610 2076 νιφόεν
624 1992 656 2056 θ’
675 1994 743 2067 i'doc
761 1994 949 2076 Οὐλύμποιο.

60 2086 213 2160 Aeschylus
229 2085 361 2141 antemio
377 2083 548 2156 Supplicibus
564 2101 587 2139 v.
605 2085 676 2142 857.
693 2086 763 2143 867.
780 2094 808 2141 et
823 2087 974 2160 Sophocles
989 2089 1016 2144 in
1031 2069 1204 2145 Philocteta⁶

61 2191 86 2226 r.
104 2172 177 2229 391.
204 2171 293 2225 lovem
320 2176 408 2224 terrae
428 2168 516 2223 hlium
536 2176 680 2234 vocarout;
706 2170 787 2225 modo
809 2172 921 2228 confusa
937 2181 979 2228 est
993 2189 1054 2228 enm
1071 2173 1179 2237 Cerere,

62 2255 137 2329 qtrod
152 2262 261 2321 constat
275 2253 376 2308 lactum
391 2268 452 2307 esse
468 2251 634 2324 saepissime,
648 2252 783 2327 Ceresque
795 2255 852 2328 ipsa
864 2256 988 2312 omnihus
1000 2256 1090 2313 Rheae
1102 2256 1180 2312 attri-
1293 2304 1296 2307 ,

62 2340 136 2395 butis
152 2345 306 2394 ornataest
320 2336 354 2391 ab
369 2335 495 2409 Euripide
511 2335 592 2409 longo
608 2337 725 2394 carmine
740 2339 767 2393 in
779 2338 879 2394 llelena
895 2357 910 2396 a
925 2359 948 2394 v.
965 2343 1054 2400 1321.
1084 2341 1123 2396 lta
1135 2341 1180 2396 hio

63 2439 175 2496 quoqne
189 2421 354 2494 Aeschylus,
371 2421 425 2475 sire
441 2421 499 2492 ipse
515 2420 617 2492 primus
632 2421 823 2477 Prometheum
838 2423 976 2480 Themidis.
988 2425 1068 2480 filium
1084 2424 1181 2497 appel·

64 2508 135 2571 lavit,
153 2507 218 2570 sire,
235 2505 307 2578 quod
324 2504 505 2560 verisimilius
521 2513 572 2570 est,
588 2506 723 2577 antiquam
739 2505 854 2577 aliquam
870 2507 986 2563 fabulam
1002 2517 1044 2562 est
1059 2515 1178 2572 secutus,

62 2594 133 2648 hanc
149 2591 246 2646 lamam
261 2589 399 2662 praetulit,
415 2589 475 2662 quia
491 2588 557 2645 haec
573 2588 690 2645 nobilior
704 2596 778 2643 esset
793 2590 869 2661 origo
885 2591 1108 2661 coniunctiorque
1118 2606 1180 2645 cum

61 2674 206 2731 nautibus
226 2682 255 2729 et
274 2672 376 2728 meritis
391 2672 558 2736 Promethei,
582 2689 662 2746 quam
678 2673 700 2727 si
716 2671 857 2744 Clymenae
871 2672 914 2728 vel
927 2674 1006 2728 Asiae
1020 2673 1090 2728 filins
1106 2673 1181 2729 dice-

62 2769 148 2816 retur.
178 2758 286 2813 Themis
301 2766 390 2813 autem
406 2757 626 2812 coniunctissima
641 2772 703 2812 cum
714 2755 819 2811 Tellure
834 2766 885 2822 est,
902 2756 1033 2829 siquidem
1048 2755 1181 2828 antiquis-

63 2845 165 2899 simum
176 2838 335 2915 Delphicum
350 2842 489 2897 oraculum
504 2840 618 2896 Telluris
636 2840 720 2896 luisse
736 2840 868 2896 creditum
883 2848 940 2905 est,
958 2840 1000 2896 eui
1016 2839 1180 2895 successerit

62 2928 180 2990 Themis,
197 2933 228 2981 ut
244 2933 271 2981 et
286 2926 312 2980 in
328 2925 504 2981 Eumenidum
520 2926 595 2981 initio
611 2925 712 2981 dictum
727 2930 770 2979 est
784 2933 812 2980 et
823 2926 855 2981 ab
868 2924 1032 2998 Euripide-in
1042 2923 1180 2996 Iphigenia

63 3013 90 3066 in
105 3012 199 3066 Tauris
214 3028 238 3064 v.
259 3011 347 3067 1259.
363 3026 441 3082 seqq.
482 3008 515 3064 m
530 3011 569 3065 sie
585 3011 663 3065 etiam
680 3009 825 3082 Olympiae.
855 3010 999 3065 Pausanias
1015 3008 1045 3064 t.
1064 3010 1111 3072 14,
1131 3010 1178 3065 to.

64 3090 111 3151 snt
134 3089 168 3151 di
181 3096 225 3171 τῷ
241 3090 270 3148 Γ
269 3088 325 3172 αι’(μ
341 3087 517 3171 καλουμένῳ
531 3087 638 3166 βωμός
652 3089 733 3150 ἐστιν
747 3087 789 3149 dn'
807 3087 892 3172 αὐτῷ
906 3090 984 3168 Γῆς,
999 3086 1055 3170 τέο
1078 3108 1114 3158 ας
1128 3086 1179 3147 καὶ

65 3162 168 3245 οὗτος·
185 3172 223 3234 τὰ
239 3170 270 3231 d'
289 3170 331 3233 ἔτι
347 3169 532 3252 ἀρχαιότερα
547 3173 595 3231 καὶ
609 3194 752 3250 μαντειον
766 3195 820 3252 της
835 3176 864 3234 Γ
862 3195 898 3253 ης
912 3171 1024 3235 nord-91
1039 3109 1113 3233 edroi
1129 3169 1178 3232 λέ-

65 3280 177 3337 γοοοιν.
209 3257 255 3317 ἐπὶ
272 3254 305 3316 dd
320 3264 375 3317 τοῦ
390 3254 614 3333 ὀνομαζομένου
630 3256 756 3334 στομίου
775 3257 884 3336 Θέμιδι
899 3254 915 3319 ὁ
930 3255 1038 3335 βωμὸς
1051 3253 1178 3333 πεποίη-

65 3365 125 3402 ται.
161 3346 216 3402 llas
238 3345 319 3417 igitur
337 3345 460 3401 latidieas
476 3345 540 3400 deas
556 3346 581 3400 iu
597 3362 676 3401 uuam
693 3347 825 3404 coaluisse
841 3348 984 3403 cernimus.
1015 3347 1108 3418 ltaque
1123 3359 1177 3398 non

66 3438 108 3486 est
123 3431 197 3504 quod
211 3430 347 3494 miremur,
364 3429 386 3484 si
401 3436 482 3502 poeta
498 3449 521 3485 v.
539 3431 609 3488 sto.
625 3431 741 3503 scripsit,
759 3432 831 3502 quod
846 3432 901 3487 veri
916 3430 1001 3485 simile
1018 3437 1069 3492 est,

421 3506 535 3583 τοιόνδε
546 3505 718 3591 χρησμόνὴ
733 3508 915 3591 παλαιγενὴς

216 3588 318 3672 μήτηρ
335 3590 400 3668 ἐμοὶ
417 3591 525 3671 διῆλθε
545 3593 669 3663 Τιτανὶς
683 3595 774 3651 θεῶν.

68 3681 131 3736 Nam
154 3681 250 3736 eodem
271 3681 353 3735 ruodo
376 3682 421 3752 qui
435 3681 545 3755 proprie
559 3681 678 3737 Titanida
693 3686 736 3734 est
754 3672 850 3733 Τιτὰν
862 3666 1056 3750 Προμηθεύς
1068 3679 1180 3728 vocatur

68 3763 102 3819 ab
117 3764 253 3837 Sophocle
269 3765 296 3820 in
312 3763 378 3820 Oed.
395 3765 453 3821 Cel.
468 3783 492 3820 v.
510 3767 559 3822 56.
576 3774 603 3821 et
618 3764 651 3820 ah
667 3761 793 3834 Etnipide
808 3761 910 3814 Phoco.
926 3776 950 3810 v.
971 3757 1059 3814 1122.
1075 3756 1139 3811 lone
1154 3774 1178 3810 v.

70 3850 140 3909 455.
172 3848 231 3917 Quo
248 3856 406 3904 tamennon
421 3849 591 3905 referendum
606 3848 711 3903 videtur
725 3845 789 3900 illud
806 3842 942 3899 Ciceronis
958 3858 989 3897 ex
1004 3839 1137 3914 Aeschylo

223 3935 353 3990 Titanum
366 3936 482 3998 soboles,
497 3935 574 3990 socia
589 3933 680 3990 nostri
693 3931 850 4001 sauguinis,

70 4017 140 4088 quod
157 4016 190 4072 ab
205 4017 340 4090 Aeschylo
356 4017 394 4073 sie
410 4019 540 4091 scriptum
556 4018 638 4073 luisse
654 4013 781 4071 credibile
796 4021 847 4077 est,

220 4085 246 4156 ὦ
262 4094 362 4157 κοινὸν
377 4089 462 4176 αἷμα,
477 4095 565 4176 γέννα
583 4093 730 4168 Τιτάνων,
746 4090 821 4169 lyaei.

155 4185 225 4242 213.
254 4179 348 4257 μέλον
361 4186 432 4259 Lips.
454 4190 479 4244 l.
565 4173 822 4259 προύτεθεσπήκει
839 4182 869 4237 G.

153 4268 212 4324 Nou
228 4287 298 4342 opus
313 4269 417 4325 videtur
431 4279 460 4325 nt
477 4287 538 4325 cum
553 4267 679 4323 Elmsleio
695 4265 829 4322 scribatur
843 4265 993 4341 κρανοῖιο.

156 4354 227 4410 211.
259 4348 404 4431 κρατερὸν
418 4356 448 4410 G.
466 4353 511 4410 ubi
527 4353 641 4426 primimr
657 4350 749 4426 scripti
764 4350 792 4405 hi
806 4367 909 4406 versus.

154 4438 225 4494 215.
253 4431 324 4513 χρὴ.
343 4431 362 4512 ἦ
384 4439 418 4494 11.
455 4432 516 4514 χρὴ
537 4429 556 4510 ἦ
578 4438 607 4491 G.
632 4436 702 4509 lips.
723 4438 748 4491 1.
766 4436 794 4492 2.
818 4439 885 4507 Aug.
907 4433 994 4489 etsie
1016 4430 1180 4486 iereeeteri.
