2640 5078
497 810 543 863 ΑΒ
561 809 750 864 sverutcns.
980 860 988 866 ,
1139 799 1181 863 25

8 937 15 1002 J
152 967 222 1024 454.
253 957 384 1041 ίσίβηκα
398 965 433 1022 Β.
450 966 478 1023 P.
494 966 525 1023 Β.
542 965 610 1023 Βοὴ.
641 961 763 1042 ίσίβηκε
780 967 811 1023 G.
827 983 888 1023 nam
905 985 925 1023 α
940 967 967 1024 in
980 967 1015 1024 11.
1027 967 1180 1025 obscurius.

4 1050 14 1109 λ
67 1044 209 1124 ε’σβίβηκε
225 1050 376 1107 Turnebus.
406 1050 561 1107 Emendavit
576 1050 730 1108 Schtttzius.

150 1137 221 1192 457.
250 1126 405 1208 ὁμαίμους
418 1135 453 1191 ii.
469 1136 500 1192 G.
516 1134 547 1191 Β.
563 1135 632 1192 Βοὴ.
663 1135 783 1193 Correxit
797 1133 948 1190 Turnebus.

150 1220 222 1277 458.
252 1219 375 1291 Ghocph.
392 1221 463 1278 861.
477 1212 579 1294 μάχης
591 1214 650 1298 γὰρ
666 1213 704 1296 δύ,
718 1212 885 1297 κεκύρωται
899 1212 994 1285 τέλος.

149 1304 222 1361 461.
250 1293 335 1374 ὅμως
349 1295 463 1378 ἀνάγκη
479 1302 547 1359 Βοὴ.

149 1388 222 1445 462.
252 1381 377 1463 ἰητῆρος
391 1394 453 1443 anto
468 1387 666 1444 correctionem
682 1386 713 1442 G.
771 1458 775 1463 Ι

147 1473 221 1529 464.
251 1471 392 1527 Exciderat
406 1471 449 1527 hic
465 1488 559 1527 versus
574 1488 604 1526 ea
613 1470 755 1535 sententia,
765 1487 845 1544 ρσεω
852 1470 1098 1546 οσρρλονί.,Βεσιιο
1108 1474 1179 1530 enim

64 1564 195 1630 seqrrentc
209 1571 291 1611 versu
306 1572 368 1611 cum
375 1555 632 1611 Auratoctlicathio
649 1553 730 1611 scribi
745 1563 853 1628 poterat
859 1548 992 1622 κλάδους
1000 1573 1031 1631 γε
1043 1550 1180 1624 τούτους.

147 1641 220 1697 465.
251 1631 313 1712 utu
324 1638 358 1695 11.
390 1627 457 1712 αίψ’
475 1640 568 1695 cetcri.
599 1639 658 1694 Non
674 1646 766 1712 aptum
782 1640 827 1695 hic
843 1628 925 1713 udum
940 1642 1101 1697 commutavi
1117 1660 1179 1698 cum

66 1714 120 1797 ἀψ,
143 1724 196 1780 etsi
211 1723 239 1778 id
254 1722 444 1778 Valckenarius
458 1724 486 1778 in
500 1723 617 1779 Diatriha
635 1741 663 1796 p.
684 1725 751 1782 139.
767 1724 793 1779 in
808 1724 896 1780 Attica
913 1742 995 1780 scena
1009 1742 1121 1798 prorsus
1136 1727 1180 1782 in-

1 1802 4 1822 ”
64 1808 182 1863 auditum
198 1824 260 1863 esse
276 1807 348 1863 dixit.
385 1807 440 1877 Sed
460 1808 569 1863 omnino
584 1808 664 1863 huius
678 1807 783 1864 sahulm
799 1808 881 1866 dictio
898 1810 1010 1884 propius
1026 1811 1131 1867 accedit
1146 1811 1180 1867 ad

63 1892 241 1949 Homericam.

147 1977 219 2034 466.
250 1965 352 2031 ἄλλων
365 1976 395 2031 Ρ.

145 2062 218 2118 467.
248 2061 314 2126 τοῖς
328 2051 357 2114 d’
376 2051 509 2137 ἀφίξεως
522 2058 591 2115 Βοὴ.

147 2145 220 2201 469.
250 2145 405 2218 καταρχῆς
419 2142 453 2199 di.
470 2143 501 2199 G.

71 2235 74 2241 '
147 2230 220 2287 470.
250 2216 352 2294 οἶκτος
366 2219 487 2284 eruatur
500 2219 574 2283 τάδε
589 2225 658 2283 libri.
688 2220 768 2294 είκύς
782 2227 863 2284 Turn.
893 2227 1110 2285 Miseratiodictn
1126 2246 1177 2302 pro

1 2354 2 2368 .
61 2313 206 2368 miserante
221 2329 277 2367 non
290 2311 397 2368 uidetur
410 2311 580 2383 displicuisse
595 2311 716 2367 Persono
732 2312 766 2368 ad
781 2313 851 2369 died.
871 2315 939 2372 139.
956 2314 989 2369 de
1004 2314 1102 2369 iterato
1117 2306 1175 2390 γάρ

63 2396 215 2453 disserenti.
247 2394 354 2470 Scripsi
365 2390 508 2464 οἰκτίσας,
525 2389 600 2451 λύων
613 2390 696 2452 udde.
733 2397 810 2453 Patet
825 2405 914 2453 autem
930 2399 983 2454 hoc
998 2391 1058 2474 γάρ
1073 2416 1128 2453 non
1143 2399 1177 2454 ad

61 2481 180 2553 proxime
201 2496 389 2553 praegressum
411 2480 585 2545 sententiam,
611 2480 660 2536 sed
681 2481 715 2537 ad
736 2481 781 2536 ilia
801 2480 972 2537 referendum
993 2499 1069 2547 esse,
1095 2475 1174 2557 μηδ’

62 2557 247 2642 ἀπορριφθῇ
261 2558 350 2638 λόγος
364 2559 447 2636 ἐμοῦ.

145 2651 219 2706 471.
249 2641 359 2704 στόλον
373 2647 441 2704 Βοὴ.
551 2685 553 2687 >

145 2735 219 2790 475.
250 2717 407 2809 εύρίύντα
420 2723 585 2810 προσξίνον
599 2730 633 2787 11.
664 2713 697 2785 ed
713 2720 820 2807 ῥίοντα
834 2722 913 2808 πρὸς
927 2723 1010 2798 ξίνον
1024 2731 1055 2787 6.
1091 2715 1177 2808 εύρί-

60 2833 135 2873 οντα
150 2809 230 2894 πρὸς
245 2811 328 2883 ’ξένον
341 2815 409 2873 Βοὴ.
444 2800 477 2871 εύ
492 2808 600 2893 ῥίοντα
613 2804 773 2892 αρ’ύςξεναν
786 2814 867 2869 Turn.
904 2814 1060 2869 Emendnrit
1074 2815 1176 2872 Porse-

59 2917 128 2956 nus:
146 2908 174 2957 et
189 2893 335 2977 πρόξενον
348 2899 520 2957 scribendum
536 2915 597 2956 esse
613 2899 664 2954 inm
681 2899 811 2953 Gantcrus
826 2898 936 2954 viderat.

147 2987 221 3043 478.
251 2984 323 3040 Libri
350 2977 561 3056 πολισσούχων
582 2975 690 3058 λἰλρας,
715 2982 766 3037 nisi
789 2982 863 3055 quod
884 3001 900 3037 ν
920 2983 948 3038 in
967 2975 1178 3056 πολισσούχων

59 3069 136 3143 prius
151 3086 171 3125 σ
185 3069 269 3124 fuisse
284 3068 429 3124 videturin
446 3069 480 3124 u.
510 3068 591 3124 Posui
606 3066 677 3124 aliud
690 3067 839 3140 epitheton.
869 3065 1177 3141 Nnmscxibaantiquis-

60 3154 120 3209 simi
136 3152 239 3211 codicis
250 3153 284 3208 ad
294 3154 504 3226 praecedentem
512 3169 619 3208 versum
630 3152 778 3225 respiciens
789 3144 1009 3225 πολισσούχους
1019 3153 1175 3226 scripserat.

60 3237 174 3293 Rothius
197 3240 280 3310 quum
303 3254 335 3292 ex
356 3236 463 3294 duobus
483 3235 606 3299 versibus
626 3254 709 3292 unum
725 3236 876 3292 iaciendum
891 3245 1000 3310 putaret
1015 3238 1067 3293 hoc
1082 3237 1174 3304 modo,

61 3315 263 3394 ξύμπεμψον,
285 3313 328 3387 ὥς
348 3313 387 3376 ἀν
400 3319 486 3377 θεῶν
498 3314 709 3394 πολισσούχων
723 3315 815 3397 ἕδρας
829 3311 978 3398 εὕρωμεν,
998 3339 1054 3377 non
1069 3321 1174 3377 videtur

61 3415 204 3478 reputasse
224 3405 357 3460 removeri
377 3405 429 3460 ista
451 3405 554 3460 ratione
569 3404 650 3460 verba
666 3423 719 3461 non
735 3413 837 3461 temere
853 3407 941 3479 posita
955 3399 1083 3478 βωμούς
1098 3421 1175 3482 προ-

61 3482 162 3555 νάους.
206 3488 235 3544 16
258 3490 329 3544 enim
350 3488 497 3544 curandum
512 3489 624 3544 maxime
640 3497 711 3555 erat,
729 3489 802 3563 quod
821 3506 867 3545 rex
881 3490 997 3554 dixerat,
1025 3480 1067 3557 ὡς
1089 3481 1176 3545 iduum

59 3565 149 3647 vr'pcd'
166 3564 300 3649 ἀφίξεως
313 3567 429 3650 τίκμαρ
443 3565 554 3639 πάντες
566 3569 697 3628 πολῖται.

0 1439 1 1478 1

1 1531 4 1578 Ι

146 3677 219 3747 479.
249 3681 420 3766 ἀσφαλείας
434 3683 468 3745 ds*
483 3682 520 3744 δι’
538 3666 654 3757 ἀστειύς
667 3689 701 3745 11.
719 3690 749 3745 G.
780 3688 824 3744 Sic
840 3689 920 3744 etiam
932 3687 961 3742 Β.
975 3688 1023 3742 sed
1033 3678 1071 3741 δι’
1085 3678 1176 3742 ἀστε-

60 3788 108 3841 ος,
131 3781 162 3829 ut
177 3773 247 3829 Βοὴ.
269 3773 314 3847 qui
337 3765 491 3852 ἀσφαλεία
506 3768 548 3832 dd.
582 3772 744 3853 ATurnebo
759 3771 912 3846 proiectum
928 3762 1082 3846 ἀσφάλεια
1102 3754 1173 3848 6’ᾖ

60 3849 97 3911 δι’
114 3847 232 3923 ἄστεος.

144 3943 217 3999 487.
247 3934 382 4019 φυλάξαι
396 3941 512 3998 iiam.
528 3943 623 4015 prima.
1139 4014 1141 4016 Υ

144 4024 312 4081 Scholiastes
334 4018 378 4100 μὴ
400 4020 564 4102 θαρρήσας
582 4017 677 4098 μόνος
696 4013 843 4077 ἀπελθεῖν
858 4017 996 4098 φοβηθῶ
1009 4011 1069 4077 dut
1084 4039 1175 4090 τινος.

60 4107 111 4176 Qui
127 4109 149 4164 si
165 4110 234 4166 haec
248 4110 350 4166 rectius
366 4110 535 4183 explicasset,
548 4127 602 4164 non
614 4104 901 4178 venissetquibusdnm
913 4105 1068 4162 inurentem
1081 4098 1177 4185 φόνον

58 4191 197 4258 scribere,
225 4195 298 4269 quod
323 4195 423 4249 acriter
444 4201 537 4248 tuetur
552 4190 797 4247 Marclxschcffelius
813 4208 840 4264 p.
858 4192 928 4249 213.
958 4191 1024 4246 Nnm
1040 4192 1090 4246 ista
1106 4194 1177 4248 scri-

58 4284 138 4349 ptura
154 4277 246 4349 Argivi
261 4285 291 4333 ut
305 4277 384 4351 proni
399 4277 431 4332 nd
449 4277 558 4333 caedem
574 4282 742 4331 notarentur.
772 4274 831 4332 Hoc
843 4276 907 4332 dicit
918 4275 1037 4332 Danaus:
1053 4276 1119 4333 eido
1130 4295 1174 4340 ue,

58 4363 85 4416 ei
104 4362 180 4415 solua
199 4379 253 4434 per
269 4366 363 4418 ortem
379 4380 448 4425 eum,
465 4361 585 4418 dominis
596 4360 744 4432 pereprini
759 4364 873 4435 ipsoque
887 4365 955 4417 cutis
970 4362 1062 4416 colore
1080 4372 1175 4431 stupo-

59 4461 116 4498 rem
130 4446 263 4516 facientis
278 4448 403 4503 audacia
416 4455 515 4502 metum
530 4447 634 4501 ciuiuus
648 4444 776 4510 incutiat,
797 4463 994 4518 concursusque
1007 4447 1057 4515 tint
1074 4455 1097 4499 et
1109 4445 1176 4515 put·
1283 4436 1284 4440 ’

57 4530 147 4591 cutio,
175 4531 207 4584 iu
229 4546 285 4602 ραα
301 4532 387 4603 [acite
407 4532 533 4587 occidere
550 4535 656 4603 potest.
677 4535 708 4584 ut
730 4531 791 4604 quis
813 4547 873 4585 eum
895 4532 943 4601 qut
963 4529 1075 4584 ruinius
1090 4527 1176 4582 hostie

59 4619 99 4668 eet
115 4611 237 4669 occidet.
