2632 5002
446 695 491 746 ΑΙ)
510 695 698 749 SVPPLlCES.
1089 695 1130 758 33

28 853 82 907 isio
106 858 133 906 et
155 848 235 905 civile
250 848 351 905 bellum
367 850 419 904 iem
435 858 499 905 sunt
512 862 671 908 memorata.
702 852 842 909 Accedimt
857 854 923 911 oliae
938 854 1128 917 dubitationes.

28 952 95 992 mne
109 933 212 997 bellum
228 950 324 1006 perse
339 941 382 988 est
397 922 511 1010 ἄχορον
525 924 670 1012 derbeya,
697 944 727 991 ut
747 953 802 992 non
824 946 885 1010 opto
900 936 972 995 bello
987 940 1053 998 bace
1070 946 1130 1017 epi·

28 1029 83 1076 ieta
100 1019 251 1073 videantur.
276 1018 368 1089 ltaque
384 1017 467 1072 videri
482 1013 598 1074 tortasse
613 1019 715 1091 poterit
729 1020 830 1075 rectius
846 1021 903 1094 ipse
920 1017 1019 1098 λοιμός
1033 1026 1060 1081 iu
1074 1031 1130 1083 Ae-

28 1104 94 1177 :bpli
110 1101 186 1157 libris
202 1092 317 1177 ἄχορος
331 1093 478 1176 ἀκίθαρις
493 1101 560 1166 dici,
582 1109 613 1157 ut
637 1104 683 1175 qui
698 1103 778 1158 linem
794 1103 875 1158 iaciat
888 1104 1013 1161 laetitiae.
1045 1109 1127 1183 bingis

28 1196 101 1251 uteru
115 1185 197 1241 rerba
213 1186 265 1240 istu
281 1184 391 1240 clamori
407 1185 583 1249 conveniunt,
606 1193 636 1241 ut
650 1186 784 1258 iungendo
801 1186 861 1259 quis
876 1188 1001 1243 coniiciot
1016 1178 1129 1268 ἄχορον

29 1266 159 1345 κίθαριν
172 1261 263 1339 βοάν,
279 1269 357 1324 sicuti
372 1286 396 1323 v.
407 1269 477 1325 617.
494 1261 550 1323 τὰν
559 1257 679 1345 ἄχορον
691 1263 771 1341 βοάν
786 1269 887 1325 dictum
902 1277 954 1325 est.
984 1272 1049 1328 Turn
1064 1290 1128 1333 vero
1245 1279 1252 1284 ’

28 1353 155 1410 elendum
172 1352 224 1408 erit
238 1368 270 1406 ce
284 1359 348 1424 post
361 1344 451 1423 βοάν,
466 1350 602 1425 verboque
618 1352 800 1408 construenda
816 1353 869 1408 boc
884 1355 981 1419 modo,
1009 1352 1127 1424 ἐξοπλί-

28 1456 70 1493 ων
83 1428 199 1511 ἄχορον
213 1427 360 1510 ἀκίθαριν
372 1428 453 1506 βοὰν
459 1426 536 1511 Ἄρη
551 1429 765 1510 δακρυογόνον,
781 1437 835 1492 ὴοο
850 1444 892 1492 est
908 1441 1033 1496 excitans
1047 1442 1128 1513 lepu-

28 1539 73 1576 τοι
93 1523 226 1577 clariores
239 1528 356 1591 propter
370 1520 545 1576 lacrimabile
559 1520 669 1575 bellem.
698 1519 819 1592 lienique
836 1519 898 1592 quid
914 1519 965 1575 sibi
980 1522 1035 1578 vult
1047 1519 1133 1594 finde

28 1599 161 1676 'rdrpror'l
189 1601 256 1656 Nam
277 1602 336 1672 quis
357 1601 425 1656 alius
447 1618 527 1674 quom
542 1602 659 1674 populus
675 1600 858 1658 lamentetur?
887 1603 1010 1668 Omnino,
1027 1606 1050 1661 si
1064 1600 1127 1679 βοά

28 1696 114 1743 netum
129 1685 274 1758 significat,
290 1684 370 1756 plane
385 1685 506 1757 ineptum
522 1694 564 1740 est
579 1701 638 1741 eam
655 1677 788 1759 ἔνδημον
799 1685 860 1749 dici,
878 1687 949 1759 quod
965 1705 1019 1743 non
1034 1698 1127 1761 potest

30 1772 70 1826 eri
91 1771 156 1844 quin
178 1768 314 1823 referetur
328 1768 362 1822 od
376 1768 491 1841 aliquam
508 1761 640 1842 ἔκδημον
652 1761 746 1839 βοάν,
768 1768 801 1823 de
817 1785 870 1841 qua
884 1769 927 1825 hic
944 1772 1056 1842 cogitari
1071 1791 1127 1829 non

28 1871 95 1910 osse
113 1861 205 1926 patet,
230 1852 292 1925 quia
312 1852 447 1924 peregrini
469 1860 551 1925 utque
572 1852 655 1908 exteri
671 1859 760 1906 uuum
777 1851 885 1907 doleant
900 1869 995 1918 necne,
1012 1856 1077 1911 nihil
1092 1857 1127 1911 ud

28 1956 67 1994 em
83 1937 212 2010 pertinet.
242 1934 371 1990 Videntur
386 1944 474 1991 tomen
490 1936 578 1991 omnia
592 1944 668 1991 recte
682 1951 712 1989 se
727 1933 837 1990 babere.
867 1934 1052 2008 Namproeter
1066 1938 1127 1995 bel-

28 2039 67 2077 im
89 2020 123 2075 ab
145 2027 256 2075 externo
277 2019 357 2074 hoste
372 2019 475 2094 illatum
491 2027 519 2074 et
534 2019 609 2075 civile
623 2009 833 2091 belluquuoc
848 2018 899 2073 inm
915 2031 1124 2078 commemorato

28 2113 85 2169 unt,
101 2103 262 2175 relinquitur
277 2102 340 2165 boc,
355 2110 385 2156 ut
399 2103 441 2157 vel
456 2118 506 2175 per
519 2102 621 2181 subitos
637 2103 705 2157 rixas
717 2103 758 2157 vel
771 2119 821 2175 per
832 2102 892 2157 odio
903 2103 1067 2176 privatorum
1079 2115 1126 2161 out
1142 2161 1149 2170 ,

28 2188 170 2243 rmiliurum
186 2185 285 2241 caedes
301 2185 364 2240 bant
379 2186 465 2258 iisque
480 2185 560 2240 etiem
576 2186 621 2257 qui
636 2178 729 2254 utrivis
744 2186 813 2257 porti
828 2185 933 2240 foveant
944 2186 1124 2259 implicentur.

28 2271 149 2327 liusmodi
164 2269 296 2325 tumultus
312 2277 386 2325 recte
401 2261 500 2344 λοιμός
514 2268 620 2333 dcitur.
637 2276 664 2324 et
679 2268 701 2323 is
714 2268 821 2341 qudem
832 2268 1002 2325 iilnetobilem
1013 2271 1125 2327 blortom

29 2365 41 2412 t
55 2355 232 2411 domesticum
248 2353 372 2408 ouulium
384 2370 500 2409 armans.
525 2352 605 2419 Quod
620 2353 642 2407 si
657 2352 725 2408 baec
741 2353 780 2407 sic
795 2352 987 2424 intelliguntur,
999 2349 1062 2426 βοὰ
1078 2348 1125 2411 i‘r-

28 2444 112 2513 irproc
125 2440 265 2496 aedilium
280 2437 370 2509 potius
386 2431 574 2501 domesticicm,
596 2452 675 2509 quom
691 2437 778 2492 lectur
793 2443 844 2500 est,
860 2436 911 2490 nisi
926 2437 996 2492 torte
1010 2432 1084 2509 βίον
1096 2430 1122 2493 τ’

28 2519 144 2597 ’νδημον
158 2521 276 2594 scripsit.
308 2520 344 2575 lle
359 2521 454 2576 auxilio
468 2513 528 2593 βοή
542 2537 566 2574 v.
584 2522 654 2576 700.
669 2522 763 2591 Agens.
784 2520 873 2575 1309.

100 2608 171 2665 656.
203 2596 315 2677 δεσμὸς
328 2604 362 2658 bl.
378 2604 409 2660 G.
426 2604 456 2658 Β.
472 2603 540 2659 Βοὴ.
571 2595 603 2657 d'
621 2595 714 2676 ἐσμὸς
727 2599 877 2655 turnebus.

99 2692 171 2747 657.
203 2681 314 2764 κράτος
327 2687 361 2742 bl.
378 2688 408 2743 G.
425 2687 455 2742 E.
472 2686 539 2742 Βοὴ.
569 2679 702 2760 κράτους
715 2683 865 2739 Turnebus.

100 2774 172 2830 656.
202 2764 335 2837 ὁλύκιος
349 2770 383 2826 bl.
400 2772 430 2826 G.
446 2770 477 2826 ll.
493 2768 561 2826 Βοὴ.
591 2761 697 2842 ὄλβιος
711 2767 740 2823 P.
770 2765 926 2823 Emendavit
940 2760 1082 2822 Arnnldus.

101 2924 172 2980 659.
202 2872 460 2992 adventatium,
481 2929 512 2978 ut
532 2922 607 2996 prius
628 2921 725 2976 uriom
740 2913 874 2974 νεολαιαι
890 2917 1019 2990 scriptum
1034 2917 1124 2981 luerit.

258 3022 290 3058 αΙ

28 3074 49 3130 l.
80 3075 183 3129 πᾶσαν
196 3068 299 3129 rioilo
314 3072 344 3127 G.
374 3073 459 3129 πᾶσα
473 3065 576 3127 rioilo
592 3070 620 3126 P.
650 3062 735 3151 πάσρ
750 3063 853 3150 νεολέᾳ
864 3067 931 3124 Βοὴ.
961 3059 1046 3149 πάσᾳ
1060 3084 1126 3125 νεο-

28 3152 88 3238 cdp
101 3157 250 3213 lbrrnebus.

101 3243 173 3297 666.
202 3240 273 3295 Libri
288 3238 473 3315 καρποτελεΐ.
491 3235 659 3294 'Emendavit
675 3237 819 3319 Stanlcius.
1020 3284 1028 3301 ,

101 3343 173 3399 662.
201 3333 353 3417 βρότατος
367 3340 401 3395 bl.
418 3339 448 3395 G.
465 3339 536 3395 est.
548 3331 616 3394 Βοὴ.
675 3332 731 3394 occi
745 3330 805 3403 τοὺς
818 3336 968 3393 Turnebus.
998 3334 1127 3390 Scriben-
1200 3300 1202 3302 Ι

28 3429 80 3481 lum
95 3434 154 3480 erat
167 3419 247 3495 βοτὰ
261 3426 326 3500 μᾶς.
348 3423 520 3495 ¹Scholiastcs
543 3423 576 3479 nd
596 3439 637 3500 πρ
657 3439 737 3495 νομα
756 3421 900 3496 adscripsit
920 3411 978 3495 πρὸ,
1000 3420 1055 3491 τῆς
1070 3410 1126 3471 ud-

28 3526 92 3575 eccg
105 3502 263 3581 νεμόμενα.
299 3507 488 3580 significentur
505 3507 597 3580 potius
618 3506 737 3579 pecudes
757 3505 811 3560 bue
826 3502 984 3572 illuc,‚du1n
999 3498 1126 3572 pabulum

28 3602 159 3667 praerunt,
175 3600 312 3665 ungentes.
928 3622 937 3637 .

102 3679 175 3735 663.
204 3668 240 3732 τὸ
255 3675 345 3745 (eroso
357 3681 472 3730 occentu
483 3673 530 3744 bi.)
541 3662 626 3727 πάντ’
641 3670 675 3726 bl.
688 3670 719 3725 G.
731 3668 799 3724 Βοὴ.
825 3660 861 3723 τὴ
873 3667 934 3720 πᾶν
944 3656 968 3719 r'
977 3659 1127 3717 Turnebus.

91 3817 94 3825 „
102 3777 174 3834 Libri
189 3770 324 3831 λάθοιεν.
353 3775 457 3847 inepte.
466 3772 606 3829 Turnebus
627 3769 739 3843 praeivit
758 3767 891 3838 vulgatam
912 3763 1079 3835 scripturam
1094 3752 1129 3815 τὸ
1197 3754 1205 3769 ’

28 3863 77 3917 [ἄν
91 3854 116 3918 τ’
135 3856 168 3917 ἐκ
183 3852 336 3933 δαιμόνων
350 3850 481 3929 λάβοιεν.
510 3856 638 3912 Simibter
652 3844 683 3909 in'
694 3850 796 3906 llorntii
811 3847 928 3905 carmine
943 3843 1073 3901 soeculari
1088 3843 1130 3899 le-

28 3944 104 4015 imus
125 3947 157 4002 di
177 3947 329 4003 senectutis*
337 3945 472 4016 placidae
493 3945 609 4015 quictem
624 3938 757 3994 llomuloc
770 3933 847 4008 penti
862 3935 925 3989 dote
939 3935 1049 4002 remoue
1060 3945 1130 4000 pro-

28 4039 161 4104 emouere
176 4032 258 4086 decer
273 4045 360 4084 omne.
390 4025 492 4098 Scripsi
507 4017 643 4091 θάλοιεν,
653 4020 704 4076 etsi
719 4018 799 4074 buius
811 4015 902 4073 coristi
914 4032 969 4070 non
980 4011 1052 4068 aliud
1063 4027 1131 4083 pro-

28 4123 101 4169 etum
126 4113 204 4168 video
230 4111 381 4184 exemplum
403 4126 483 4183 quem
499 4101 576 4163 edic
592 4124 624 4162 cx
638 4104 781 4160 Homerico
794 4102 896 4174 Alrymno
911 4100 938 4155 in
953 4098 1024 4154 Pone
1039 4112 1062 4149 v.
1080 4095 1129 4153 33.

28 4198 130 4253 ’lunulis
145 4210 201 4252 non
215 4196 250 4251 nd
263 4188 352 4267 βοτά,
363 4194 412 4251 sed
428 4194 461 4249 ed
476 4193 546 4248 idern
561 4188 736 4263 significantia
751 4187 858 4243 nomine
872 4181 1132 4247 boum,oriu1n‚ce-

28 4298 127 4337 ›raruni
142 4279 303 4337 referendus
318 4286 370 4335 est.
770 4323 772 4326 ,
1015 4318 1018 4330 ,
1076 4308 1078 4311 .

105 4366 179 4423 664.
210 4355 359 4440 εὐφήμοις
374 4353 405 4416 d'
420 4355 466 4416 lut
481 4358 599 4430 βωμοῖς
611 4355 645 4410 bl.
658 4355 688 4409 G.
705 4352 735 4408 E:
752 4353 780 4408 P.
811 4343 947 4428 ἇομῆμοις
962 4339 992 4402 d'
1007 4336 1053 4400 ini
1068 4339 1133 4411 βω-

28 4450 90 4516 οοῒς
96 4449 166 4505 Βοὴ.
180 4439 324 4525 εὔφημον
334 4436 592 4517 δ’ἐπιβωμάνὴὴο.
609 4437 763 4494 llineTurn.
776 4425 915 4512 εὔφημον
929 4424 960 4487 d’
979 4421 1133 4502 ἔπιβοῷεν.

70 4546 274 4592 nuscuttustt.
864 4529 877 4546 ⁹
919 4528 934 4576 3
