2632 5002
218 33 368 65 .........,
383 10 568 68 superscripto
583 11 613 73 ῃ,
646 9 685 47 ar.
722 34 729 47 .
758 8 914 70 εσιουσᾳ
949 8 1016 46 urue
1037 7 1076 50 usa

218 98 252 136 au
273 67 443 147 εέςιδοῦσαν
462 78 602 150 scripserit
616 77 781 150 Aeschylus,
804 84 834 131 ut
854 76 881 131 in
903 75 1078 149 1111οερ11.41

219 149 296 220 αάτέ
306 179 359 236 μοι
375 158 465 238 pabor
480 155 552 236 κέαρ
568 154 654 217 τόνδε
670 155 823 216 κλύουσαν
837 149 966 216 nixibus

309 265 375 319 147.
405 254 501 336 πέτρα
515 261 587 333 Lips.
604 264 671 334 Aug.
706 257 803 342 πέτρᾳ
823 262 925 334 aliquot
948 258 1057 317 codices
1072 243 1083 314 't

220 347 334 403 tortasse
349 344 556 419 praeterendum
572 353 624 400 est.

309 448 376 504 148.
407 446 474 511 τοῖς
489 438 749 518 ἀδαμαντοδέτοις
763 445 797 499 11.
814 446 886 518 Lips.
902 448 970 518 Aug.
988 454 1014 500 et
1030 452 1088 501 cete

220 532 288 596 ταῖς
302 522 560 601 ἀκαμαντοδέτοις
575 529 605 583 G.
637 530 666 583 Iu
681 529 716 583 11.
734 529 818 601 priori
840 528 957 600 syllabae
973 529 999 583 iu
1015 521 1091 602 ἀδαμ

220 633 268 688 pra
284 614 448 685 adscriptum
464 630 479 667 a
493 630 535 684 pr.
552 629 632 667 manu
648 607 667 666 δ
671 605 726 686 ὀη
748 611 888 667 Turnebus
904 605 1093 684 ἀδαμαντοδε

220 690 321 764 τοΐςδ’
338 697 438 770 posuit.

311 799 377 854 150.
408 788 442 850 δὲ
457 789 494 869 δὴ
510 794 545 850 11.
562 803 589 850 et
605 796 689 851 ceteri
704 795 764 859 libri
778 794 910 868 plerique.
941 788 974 850 δὲ
990 796 1020 850 G.
1052 788 1089 869 δὴ

307 896 378 952 Libri
399 912 493 951 omnes
509 887 671 967 ἀθέσμους,
693 896 744 952 nisi
762 895 835 968 quod
851 889 978 968 ἀδέμως
993 896 1065 969 ιίρο.
1082 899 1101 952 Α

222 981 359 1038 bentleius
374 981 401 1035 iu
416 981 496 1053 epist.
512 979 546 1035 ad
562 979 671 1035 utilium
686 998 713 1053 p.
731 982 780 1038 66.
798 982 882 1045 1516.
899 981 942 1035 ed.
958 981 1044 1054 Lips.)
1060 998 1092 1036 ex

223 1084 304 1140 quem
319 1066 358 1121 sic
374 1066 505 1137 seriptum
527 1071 584 1126 est,
606 1055 742 1132 ἀθέτως,
765 1056 925 1137 ἀθέσμους,
949 1058 984 1120 οδ
1010 1082 1106 1140 συγκα

222 1143 382 1224 Αἰσχύλος
396 1145 570 1224 Προμηθεῖ
579 1142 731 1225 δεσμώτῃ.

312 1236 380 1292 151.
409 1226 629 1309 γδρρτοδέῦ.

313 1319 381 1375 152.
411 1312 438 1371 εἰ
451 1310 510 1392 γὰρ
524 1308 583 1370 ὑπὸ
598 1317 689 1390 γαῖαν
703 1315 775 1387 Lips.
791 1317 860 1386 Aug.

307 1400 379 1456 Libri
394 1391 502 1474 νέρθεν
516 1391 541 1455 τ’
559 1391 665 1464 ἀέδοο,
685 1398 736 1451 uisi
752 1397 825 1467 quod
840 1391 932 1471 έρθεν
946 1397 1006 1463 (sed
1021 1401 1106 1473 spiriti

224 1500 274 1538 nea
286 1481 430 1551 transfixis)
443 1481 473 1535 G.
485 1479 567 1535 habet
579 1472 709 1553 οῑ-ερδέν
717 1479 776 1532 Par.
788 1477 819 1531 N.
849 1471 989 1552 νέρθενδ’
1002 1474 1106 1537 ἀέδοοΙ

224 1566 350 1619 usitatam
366 1563 478 1617 formam
494 1560 674 1616 Blumfieblius
689 1561 816 1615 restituit.

314 1647 382 1701 154.
411 1626 464 1740 ἧκε
480 1644 511 1698 ο.
527 1642 599 1714 urps.

314 1729 381 1783 155.
411 1719 527 1802 αγρέοις
540 1724 575 1779 11.
597 1732 625 1779 et
641 1725 720 1796 pauci
735 1725 778 1780 alii
794 1725 918 1789 codices,
941 1726 1014 1797 qued
1028 1743 1106 1799 recep

229 1810 255 1870 td
270 1809 417 1881 Aeschylus
433 1808 455 1862 si
471 1808 634 1880 scripsisset,
650 1809 788 1880 posuisset
803 1802 925 1876 ἀλύτοις
939 1804 1063 1883 δεσμοῖς
1076 1803 1106 1885 ἀ]

311 1910 469 1966 155156.
499 1908 570 1964 Libri
586 1900 628 1975 ὡς
641 1902 757 1984 μήποτε
772 1903 847 1976 θεὸς
859 1904 935 1984 μήτε
950 1928 996 1977 τις
1010 1901 1106 1978 ἀλλος.

234 1989 319 2072 finum
343 1991 503 2049 vocabulum
527 1984 620 2060 ἄλλος
639 2011 654 2050 a
675 2011 756 2050 mauu
775 1996 854 2050 tertia
873 1995 1005 2051 resectum
1021 2005 1072 2052 est.
1102 1996 1106 2017 '

236 2070 300 2151 ’μήτε
315 2070 390 2144 θεὸς
404 2077 547 2134 scribendo
562 2086 737 2152 anapaestum
751 2080 877 2143 restituit.
894 2081 980 2135 secuti
996 2090 1060 2136 suut
1073 2098 1106 2153 pu

239 2157 355 2237 pimeni
370 2169 460 2218 tamen
475 2171 630 2236 systemata,
647 2179 717 2236 quae
731 2163 802 2219 iuter
815 2164 943 2234 strophas
958 2173 1037 2223 auru.
1053 2182 1106 2214 mn
