2654 5018
381 683 425 734 nn
444 682 677 735 rnonnrnnvn
697 643 857 736 viderunt.
1138 677 1177 740 85

57 857 122 913 quiae
144 839 246 894 dicitur
261 854 316 893 non
333 856 347 893 n
363 839 496 895 stantibus
511 841 538 894 in
554 841 710 904 orchestra,
734 842 782 896 sed
798 841 954 897 sedentibus
969 843 995 897 in
1011 859 1092 898 curm
1107 845 1178 902 cloto

56 927 86 979 sit
102 931 222 979 cantato.
256 923 350 978 Schol.
373 917 409 979 τὸ
435 917 586 996 στάσιμον
610 915 677 1004 ᾄδει
703 917 719 982 ὁ
738 919 835 1002 χορὸς
855 921 908 984 ,ἐπὶ
931 928 986 1001 τῆς
1010 929 1064 1001 γῆς
1090 946 1178 985 κατε-

56 999 213 1081 ληλαθιύς.
375 1064 378 1072 ,
981 1066 986 1071 ,

0 1082 12 1154 f
137 1086 236 1147 στένω
257 1106 290 1145 σε
312 1091 382 1159 τᾶς,
405 1108 488 1162 super
511 1093 532 1146 ἄ
552 1092 688 1164 adscripto
709 1111 751 1166 η,
778 1094 812 1148 11.
849 1087 944 1149 στένω
959 1111 992 1149 σε
1008 1088 1063 1160 τὰς
1077 1096 1108 1152 0.
1126 1097 1176 1152 Vit.
1221 1144 1224 1151 .

55 1179 120 1248 hug.
137 1175 199 1231 414.
231 1169 376 1240 στε’νωσις
390 1168 445 1240 τὰς
459 1175 532 1247 Lips.

139 1263 213 1316 400.
245 1258 317 1313 Libri
338 1275 431 1313 omnes
453 1253 715 1335 δακρυσίστακτον
737 1251 780 1327 δ’,
800 1268 910 1333 practer
930 1261 1005 1316 Bess.
1026 1262 1129 1335 inquo
1150 1257 1175 1319 τ’

1 1381 2 1418 ρ
55 1353 104 1407 est,
121 1352 150 1399 et
161 1344 236 1416 Lips.
250 1346 320 1415 hug.
336 1343 382 1415 qui
398 1337 641 1418 δακροσίστατον
656 1336 686 1398 δ’
701 1343 810 1399 hahent.
841 1345 907 1399 'lum
922 1335 1055 1420 ῥαδινῶν
1069 1338 1177 1423 (ῥοδῆ-

56 1429 114 1483 nir
128 1428 173 1498 G.)
190 1420 401 1500 ierssoplrall.
418 1427 448 1481 G.
465 1425 537 1499 Lips.
554 1430 622 1499 hug.
638 1434 665 1481 et
681 1428 764 1482 ceteri
779 1429 911 1501 plerique.
941 1428 1014 1484 ldern
1026 1429 1075 1485 luit
1086 1431 1114 1486 in
1126 1432 1176 1487 Vit.

1 1557 2 1562 ,
56 1512 102 1567 sed
124 1530 139 1566 a
154 1511 243 1584 prima
263 1527 344 1565 munu
360 1510 386 1565 in
401 1501 525 1586 ῥαδινὸν
540 1508 566 1564 λ.
580 1517 712 1566 mutatum
728 1520 779 1566 est.
815 1503 939 1589 ῥαδινὸν
953 1508 1113 1587 λειβομένα
1128 1516 1178 1570 nli-

57 1603 122 1667 quot
136 1596 250 1650 codices
265 1602 293 1649 et
307 1594 367 1650 hld.
384 1594 451 1649 Rob.
486 1595 519 1649 lit
534 1585 658 1670 ῥαδινύν
672 1595 779 1666 quidem
795 1605 887 1669 potest
900 1596 983 1652 videri
998 1615 1089 1654 verum
1105 1617 1175 1663 csse,
1240 1657 1242 1661 ,

56 1688 84 1734 ut
112 1679 266 1752 Aeschylus
299 1679 462 1751 expresserit
486 1672 571 1754 τέρεν
595 1672 737 1755 δάκρυον.
777 1679 810 1735 Vt
831 1682 970 1753 stropham
992 1683 1177 1758 antistrophoe

56 1771 219 1835 exaequaret
235 1763 365 1817 Heathius
381 1762 490 1835 scripsit
505 1758 768 1836 δακρυσίστακτον
783 1756 833 1819 ἀπ’
850 1756 951 1821 ὅσσων
965 1756 1097 1842 ῥαδινῶν
1110 1759 1178 1845 ῥέος

55 1840 194 1923 παρειάν,
211 1846 318 1901 omissis
334 1839 371 1901 δύ
383 1857 411 1901 οι
425 1840 594 1919 λειβομένα.
624 1847 677 1902 Sed
693 1849 823 1920 particulo
839 1848 935 1904 obesse
947 1868 1001 1905 non
1012 1860 1113 1923 potest,
1126 1870 1177 1907 ne-

56 1949 108 2004 que
123 1924 289 2004 λειβομένα
302 1931 446 1986 delendum
461 1939 518 1995 est,
540 1931 589 1985 sed
611 1932 708 1986 excidit
723 1932 821 2004 aliquid
837 1934 863 1989 in
878 1935 1056 2006 antistropha.
1088 1936 1176 2003 Quare

56 2015 143 2071 delete
166 2024 230 2087 post
251 2008 513 2091 δοκροσύστακτον
532 2015 662 2088 porticula
685 2032 716 2071 en
735 2011 894 2089 λειβομένα
908 2017 961 2074 feci
976 2010 1007 2072 δ’
1025 2014 1176 2093 εἷβομένο.

1 2163 2 2176 ρ
56 2099 210 2173 Sophocles
224 2101 287 2154 Ant
305 2100 375 2155 527.
391 2092 568 2176 φιλάδελφα
583 2093 666 2155 κάτιο
681 2093 786 2175 δάκρυ’
803 2096 954 2176 εἰβομένη.

1 2181 3 2193 ’
140 2184 214 2240 402.
244 2177 362 2249 νωτιόις
375 2191 437 2239 ente
452 2184 650 2239 correctionem
665 2184 699 2240 11.

11 2333 16 2341 ,
140 2259 246 2341 ἔτεγξα
260 2266 319 2322 libri
334 2275 444 2341 praeter
458 2267 517 2322 Pnr.
533 2268 564 2322 4.
582 2268 627 2340 qui
642 2260 737 2343 ἴτεγξε
753 2268 844 2324 hebet.
879 2269 1038 2325 Gonieceret
1053 2271 1089 2325 ita
1105 2271 1176 2325 ilca-

1 2347 4 2351 ’
55 2352 142 2416 thius,
159 2359 324 2424 recepemnt
339 2352 501 2414 Bruncldus,
518 2351 670 2417 Porsonus,
686 2353 739 2409 alii.
769 2354 803 2408 41
818 2370 852 2408 οε
867 2353 954 2409 eiecto
971 2355 1078 2426 quidem
1094 2350 1176 2426 εἰβο-

55 2430 133 2506 μένο
149 2453 220 2508 opus
235 2444 295 2490 erat
308 2428 403 2511 ἕτεγξε
419 2435 510 2491 scribi.

140 2522 253 2594 πηγαῖς
267 2519 301 2575 ll.
319 2521 391 2593 Lips.
407 2520 514 2592 aliique.
544 2521 656 2595 παγαῖς
670 2520 701 2575 0.
716 2520 767 2574 Vit.

142 2607 214 2662 403.
231 2607 303 2661 404.
333 2597 416 2660 τάδε.
438 2598 517 2671 Ζεύς
529 2598 588 2680 γὰρ
603 2598 692 2669 ἰδίοις
702 2602 778 2658 Vind.
793 2604 821 2659 2.
852 2602 941 2658 Ceteri
956 2601 1065 2657 codices
1078 2609 1104 2657 et
1116 2602 1175 2658 414.

55 2681 129 2743 τάδε
145 2682 226 2753 Ζεύς
239 2682 343 2758 ι’διόις,
365 2688 415 2744 nisi
431 2677 504 2761 quod
520 2688 627 2762 quidem
642 2695 674 2742 ut
688 2687 739 2741 Vit.
755 2695 819 2758 post
833 2678 906 2741 τάδε
922 2686 1128 2758 interprimunt,
1150 2688 1177 2742 in

56 2789 111 2844 quo
126 2772 222 2828 codice
237 2790 319 2845 supra
334 2773 464 2846 scriptum
479 2766 495 2829 ὁ
511 2767 579 2850 γάρ.
616 2771 758 2826 Verissimi
775 2769 922 2825 liohortelli
945 2770 1078 2842 scripture
1093 2762 1176 2839 τάδε,

56 2850 136 2923 Ζεύς
150 2852 171 2911 δ
176 2850 184 2872 '
202 2852 299 2923 ἰδίοις.

141 2933 280 3016 κρατύνει
295 2940 371 2996 Vind.
392 2944 417 2998 t.
435 2944 463 2999 3.
479 2941 548 2996 etin
563 2941 651 3003 litum,
668 2957 750 3012 quum
766 2947 845 2995 nntee
860 2931 1017 3017 κρατύνων
1027 2938 1131 3003 luisset,
1145 2940 1175 2994 G.

142 3028 215 3082 405.
232 3027 303 3082 406.
332 3018 528 3101 ὑπερήφανος
542 3033 604 3080 onte
621 3026 818 3080 correctionem
834 3024 867 3079 11.

140 3107 227 3174 θεοῖς
240 3112 304 3176 τοῖς
317 3104 416 3187 πάρος
426 3111 460 3165 11.
474 3110 505 3165 G.
521 3110 572 3164 Vit.
584 3116 612 3165 et
627 3126 687 3165 cum
703 3111 840 3183 plerisque
853 3110 932 3164 codd.
944 3108 1012 3164 lloh.
1041 3110 1105 3175 τοῖς
1116 3101 1176 3163 πά-

55 3210 110 3270 ρος
123 3191 211 3260 θεοῖς
223 3194 296 3267 Lips.
312 3195 410 3266 aliique
426 3194 546 3249 nonnulli
562 3201 589 3249 et
604 3194 662 3249 414.
692 3197 757 3261 τοῖς
768 3188 844 3271 πρὸς
858 3191 1020 3268 θεοῖςΑορ.

140 3273 322 3333 ἐνδείκνυσιν
342 3280 372 3335 G.
389 3278 491 3333 Arund.
506 3278 566 3333 Par.
582 3278 611 3332 L.
641 3273 815 3334 ἐνδεικνύειν
829 3279 863 3333 11.
894 3272 1052 3335 ἓνδεικνύει
1068 3278 1127 3332 Par.
1143 3275 1173 3330 1).

55 3354 182 3417 δεικνύει
198 3362 250 3416 Vit.
266 3370 294 3417 et
308 3364 387 3435 pauci
403 3363 455 3417 olii.
486 3357 635 3418 δείκνυσιν
649 3363 721 3436 Lips.
737 3367 805 3436 Aug.
821 3363 919 3436 aliique
935 3372 963 3419 et
978 3362 1039 3418 cdd.
1056 3369 1120 3418 vett.

141 3439 254 3519 αἰχμήν
265 3446 299 3501 11.
316 3447 346 3502 G.
362 3448 414 3502 Vit.
446 3440 558 3521 αἰχμάν
571 3446 643 3520 Lips.

142 3532 214 3588 408.
230 3533 301 3588 409.
332 3531 404 3586 Libri
417 3524 671 3606 ριεγαλοσχῆμονο
681 3521 705 3586 τ’
717 3521 936 3605 ἀρχαιοπρεπῆ,
946 3530 996 3583 nisi
1013 3527 1174 3600 quodVind.

56 3616 84 3671 2.
99 3617 128 3672 3.
139 3617 168 3671 4.
184 3631 216 3669 τε
231 3615 310 3687 plene
326 3616 456 3688 scriptum
471 3615 580 3679 hebent,
592 3617 660 3686 hug.
674 3622 763 3669 eutem
776 3605 1009 3685 μεγαλοσχῆμον
1022 3603 1047 3665 r'
1065 3602 1175 3680 ἀρχαι-

55 3701 182 3774 οπρεπῆ.
212 3698 275 3754 Sola
290 3690 698 3775 414ἰοιιμεγολοσχῆμωνάτ’
717 3690 935 3773 ἀρχαιοπρεπῆ.
964 3695 1030 3747 Τοιο
1046 3685 1175 3761 στένοσι,

56 3799 141 3854 super
155 3799 171 3836 ο
188 3783 277 3839 addito
292 3802 321 3853 v,
337 3783 371 3839 11.
407 3777 543 3840 στένουσι
559 3784 589 3838 G.
606 3783 657 3837 Vit.
673 3782 771 3854 aliique
786 3778 864 3852 pauci
881 3785 908 3833 et
924 3776 991 3832 lloh.
1028 3769 1175 3832 στένουσα

29 3877 33 3888 ’
56 3865 128 3938 Lips.
145 3869 213 3939 hug.
229 3867 327 3940 aliique
343 3876 371 3923 et
381 3868 440 3923 414.
467 3861 632 3923 στένοοσον
642 3866 701 3921 Per.
714 3865 744 3920 11.
774 3867 933 3935 Agnoscunt
943 3854 1079 3917 στένουσι
1092 3862 1177 3916 scho-

58 3948 161 4005 linstne.
198 3953 232 4006 ht
253 3952 292 4007 sic
314 3959 367 4007 tem
389 3951 513 4025 languide
536 3951 565 4006 lit
590 3951 693 4013 oratio,
717 3957 747 4004 ut
762 3948 841 4022 plane
857 3947 964 4020 indigna
981 3947 1015 4002 sit
1030 3946 1174 4019 Aeschylo.

58 4033 151 4106 ltaque
166 4035 207 4089 rix
222 4034 338 4104 dubitari
353 4053 434 4110 posse
449 4036 554 4091 videtur
569 4035 633 4107 quin
648 4029 784 4091 στένουσι
801 4033 952 4088 correctori
967 4031 1110 4095 debeatur,
1128 4032 1175 4103 qni

58 4112 208 4174 στένουσα·
228 4118 349 4176 construi
375 4138 429 4176 non
455 4137 537 4193 posse
560 4119 793 4175 animadverteret.
834 4115 887 4173 Sed
908 4117 1020 4190 stropho
1041 4123 1176 4171 monstrnt

62 4211 122 4272 post
137 4195 345 4282 ἀρχαιοπρεπῆ
361 4205 491 4261 excidisse
506 4204 626 4267 verbum,
643 4202 716 4275 quod
731 4202 836 4276 videtur
851 4195 1007 4279 δακρυχέει
1023 4201 1116 4256 luisse.

144 4288 199 4340 τάν
212 4291 270 4344 σᾶν
285 4290 315 4345 G.
333 4290 383 4344 vit.
401 4290 458 4345 414.
488 4289 550 4345 τῶν
565 4289 628 4344 σῶν
643 4287 710 4343 hob.

145 4373 213 4428 410.
242 4389 274 4428 τε
290 4374 417 4429 omittunt
431 4375 503 4448 Lips.
520 4377 587 4446 hug.
604 4373 678 4428 Bess.
695 4370 753 4427 414.
808 4415 811 4421 .

121 4483 124 4487 ’
144 4457 233 4526 τιμᾶν
246 4466 308 4513 ante
324 4474 395 4514 corr.
411 4458 445 4514 11.
