2654 5018
379 689 423 742 at)
441 688 673 745 praemittuntur
692 691 852 746 lectvu.
1000 706 1009 711 “
1118 688 1176 750 llll

39 847 138 919 aliique
156 853 189 901 et
204 844 268 900 ΑΜ.
286 843 354 900 lloh.
385 840 416 901 ἐν
429 842 610 924 πετρίνοισιν
623 841 734 925 ὀρείοις
748 851 801 906 alii.
838 846 1001 928 narplroroi
1017 855 1081 921 τοῖς
1095 847 1175 932 ὀρεί-

40 948 96 997 οις,
112 930 227 986 omisso
245 924 292 999 ἐν,
315 937 343 984 et
358 929 427 985 lacta
444 933 613 988 correctione
628 927 771 1010 πέτρῃσι,
788 937 818 991 G.
855 931 887 991 ἓν
901 931 1063 1013 πιτρίνοισι
1080 942 1176 995 τοῖσιν

42 1009 153 1088 ὀρείοις
168 1013 257 1068 Turn.
289 1012 396 1069 Codicis
411 1014 445 1069 Μ.
461 1017 622 1088 scripturam
638 1017 713 1073 dedit
727 1019 871 1075 Victorius.

128 1099 206 1154 560.
239 1091 416 1169 ἀμπλακίας
430 1099 464 1154 Μ.
480 1100 511 1154 G.
529 1100 579 1156 Vit.
595 1101 667 1173 Lips.
683 1104 751 1175 Aug.
768 1103 876 1175 aliique.
907 1095 1081 1177 ἀμπλακίης
1096 1114 1176 1177 quat-

48 1192 104 1237 tuor
119 1181 203 1237 lind.
220 1189 250 1236 et
266 1181 327 1238 edd.
346 1190 412 1237 vett.

130 1268 208 1323 561.
239 1259 347 1330 ποινὰς
367 1265 401 1320 Μ.
417 1266 514 1339 aliique
530 1275 558 1322 et
571 1268 631 1323 Ald.
666 1269 773 1335 ποινᾶς
787 1270 837 1325 Vit.
854 1272 922 1342 Aug.
938 1268 1036 1341 aliique
1052 1278 1080 1325 et
1093 1269 1174 1326 Turn.

53 1360 126 1423 atque
154 1350 192 1405 ita
220 1366 237 1405 a
263 1366 319 1405 seo.
346 1365 427 1406 manu
453 1351 483 1406 G.
524 1353 631 1426 ποινῆς
655 1353 714 1408 Par.
736 1352 767 1408 Μ.
806 1355 925 1420 ποιναῖς
948 1353 1016 1409 1101).
1044 1362 1072 1410 ct
1096 1372 1173 1428 apr.

13 1429 19 1442 ⁴
56 1452 126 1489 manu
141 1435 175 1488 G.
286 1477 291 1484 .
914 1442 926 1467 ⁹

131 1510 231 1573 ‹ile'xu
248 1516 308 1571 Par.
324 1516 356 1571 Ε.
392 1508 482 1593 ὀλέσῃ
498 1516 574 1573 ooth.
593 1520 621 1576 2.
659 1519 748 1576 Ceteri
769 1511 859 1596 ὀλέκῃ
879 1521 920 1577 vel
936 1512 1034 1594 ὀλὲκη.
1050 1522 1174 1578 'Gravius

60 1601 158 1656 carlum
176 1593 273 1656 ὀλέκει
290 1601 496 1673 comprehendit
510 1602 538 1656 in
554 1597 695 1669 εο-τλνεις.
744 1630 749 1638 ·

131 1675 204 1740 ὅποι
221 1685 256 1740 Μ.
269 1684 299 1740 G.
314 1685 379 1740 Ven.
394 1686 421 1743 3.
452 1686 541 1741 Ceteri
557 1695 632 1742 recte
647 1677 716 1761 ὅπη,
733 1687 805 1760 quod
821 1688 901 1744 etiarn
912 1688 962 1744 Vit.
976 1706 991 1744 e
1003 1689 1173 1745 correctione

53 1769 151 1839 primae
166 1785 264 1823 manus
279 1768 371 1832 habet,
388 1785 457 1841 quae
472 1769 547 1841 prius
563 1761 640 1826 ὅπου
656 1771 798 1870 scripsisse
813 1772 926 1827 videtur.

16 1865 18 1867 ’
135 1853 207 1910 562.
238 1845 594 1926 praemonstrant.
631 1856 720 1930 γᾶςη
738 1855 1084 1929 1111.1.1ρε.λυις.ιι]ϋοιιο.
1119 1858 1174 1932 γῆς

16 1886 21 2034 l
61 1926 118 2007 ill.
134 1938 166 1992 G.
182 1936 246 1991 edd.
262 1945 327 1992 vett.

137 2022 208 2077 aaa.
240 2004 306 2089 aa,
322 2014 357 2077 ta
372 2013 473 2076 taturi.
495 2012 568 2093 urps.
584 2021 643 2076 uo.
660 2021 727 2077 nob.
750 2031 777 2078 o
792 2022 831 2078 su
847 2023 926 2078 aarum
943 2023 976 2078 u.
1007 2015 1073 2091 art,
1089 2016 1124 2078 aa
1139 2016 1173 2079 za

60 2102 129 2158 loro.
154 2089 181 2183 a}
198 2089 381 2173 ἆ,ἰ“ἰ’ὓο11ο.
403 2105 503 2161 illan.
520 2106 552 2160 H.
584 2090 1044 2183 dd,tletyp.tu‚lara1·.o.
1072 2098 1174 2162 'iiii'

61 2187 84 2240 G.
97 2205 146 2260 pro
163 2189 205 2243 his
221 2188 454 2244 interiectionibus
470 2189 604 2253 omnibus,
621 2192 806 2263 superscripto
822 2193 880 2268 φεῦ
895 2193 962 2268 φεῦ.

132 2274 207 2329 564.
238 2256 278 2326 αὗ
303 2273 451 2329 mutatione
473 2274 543 2329 sacta
565 2269 583 2329 ι’
602 2291 657 2330 see.
681 2292 761 2330 manu
784 2275 819 2331 Μ.
848 2276 917 2343 Quid
932 2275 1020 2349 prima
1032 2275 1172 2347 scripserit

61 2353 143 2427 topici
159 2356 264 2428 nequit.
944 2404 946 2407 .

133 2457 171 2511 με
192 2433 342 2495 τάλαιναν
361 2440 396 2495 11.
411 2441 462 2496 Vit.
480 2441 510 2497 G.
534 2441 595 2496 edd.
611 2449 676 2497 vett.
711 2458 748 2513 με
770 2432 828 2496 τὰν
846 2433 994 2496 τάλαιναν
1014 2441 1086 2513 lips.
1103 2444 1170 2513 Aug.

62 2521 116 2578 l'cn.
134 2526 162 2582 3.
179 2524 306 2581 crutam.
324 2526 353 2582 2.
381 2542 419 2596 με
435 2518 490 2598 τὴν
503 2518 650 2580 τάλαιναν
665 2524 741 2580 Cant.
763 2527 787 2580 1.

135 2601 269 2684 οἰλπροις
283 2626 298 2663 a
313 2626 355 2681 pr.
371 2625 451 2663 manu
466 2609 499 2663 Μ.
526 2609 672 2665 Recentior
687 2608 751 2663 lecit
766 2595 900 2680 οἶστρος.

137 2694 208 2749 565.
238 2683 312 2747 dieo
328 2677 349 2748 ἆ
365 2687 419 2761 δᾶ,
440 2693 537 2748 litteris
559 2684 632 2748 ἄλιυ
653 2693 680 2746 in
700 2691 794 2754 litura,
821 2689 991 2745 circumflexo
1007 2689 1033 2744 in
1050 2672 1069 2742 ἆ
1084 2705 1100 2743 a
1115 2706 1170 2744 sec.

16 2786 24 2807 ·
59 2790 131 2831 manu
152 2776 260 2839 addito,
283 2776 317 2831 ll.
356 2767 427 2844 ἄλευ
448 2762 469 2832 ἆ
491 2772 531 2832 δᾶ
552 2778 710 2833 adnotatum
726 2791 757 2830 eu
773 2775 831 2830 Par.
847 2774 878 2829 N.
895 2757 1172 2845 memoratquoddd
1226 2833 1230 2845 Ι

11 2826 21 2897 l
58 2857 201 2915 Turnebus.
243 2852 381 2915 ἀλιυιλδα
407 2861 479 2934 Lips.
502 2865 570 2934 Aug.
600 2860 725 2916 Cantahr.
746 2862 771 2916 l.
795 2860 854 2914 Par.
870 2858 901 2913 N.
943 2859 972 2912 ln
994 2858 1067 2929 Lips
1091 2874 1172 2929 supra

14 2944 22 2975 '²
58 2944 180 3016 scriptum
202 2960 250 3019 γρ.
272 2928 460 3019 discripti.
497 2946 528 3001 G.
545 2946 596 3001 Vit.
613 2945 674 3001 edd.
690 2952 754 3000 vett.
771 2928 959 3000 illev‘oldd.
989 2942 1076 3015 Etym.
1093 2942 1127 2997 Μ.
1143 2948 1199 3014 p.‘

58 3027 100 3090 60,
118 3030 146 3085 8.
164 3019 301 3082 attonita
322 3020 438 3104 εἴρηται
460 3020 503 3094 ὡς
521 3023 557 3085 τὸ
573 3023 682 3106 eraldo.
712 3022 740 3084 oi
754 3023 812 3105 γὰρ
828 3023 961 3104 Δωριεῖς
975 3020 1031 3101 τὴν
1044 3027 1101 3102 γῆν
1115 3022 1173 3082 δᾶν

7 3121 13 3184 ξ’
56 3105 169 3204 λέγουσι
195 3106 244 3165 καὶ
268 3106 353 3180 δίαν,
380 3104 422 3179 ὡς
443 3108 492 3169 καὶ
517 3107 570 3170 τὸν
589 3107 705 3191 proper
719 3107 843 3191 δνόφον.
875 3105 975 3190 guaddo
990 3095 1045 3167 οὖν
1059 3104 1172 3189 pcipe·

6 3186 9 3248 l
55 3209 148 3260 ουτιυς
169 3179 224 3250 οὖν
245 3190 294 3250 καὶ
310 3189 345 3252 τὸ
361 3189 497 3252 ἀλιυάδα
513 3190 603 3253 ἁλίου
619 3194 675 3267 δᾶ,
694 3199 750 3255 τοῦ
765 3193 806 3253 δᾶ
821 3190 887 3253 ἀντὶ
904 3199 958 3253 τοῦ
972 3198 1010 3273 γῆ
1026 3188 1171 3268 κειμένου.

6 3348 9 3369 Ι
55 3280 180 3350 Apertum
203 3286 246 3333 est
267 3287 295 3334 et
316 3282 374 3356 φεῦ
397 3276 438 3336 dd
453 3290 480 3350 et
495 3284 554 3358 φεῦ
568 3283 606 3356 γῆ
621 3281 792 3338 scribendum
808 3299 885 3337 esse:
908 3290 964 3337 tum
980 3279 1171 3352 corrigendum

4 3373 16 3442 l>
55 3371 92 3416 est
103 3355 132 3417 ol
146 3356 206 3440 γὰρ
218 3359 351 3441 Δωριεῖς
365 3359 420 3438 τὴν
430 3367 485 3439 γῆν
495 3367 552 3441 γᾶν
562 3360 680 3440 λέγουσι
692 3361 742 3421 καὶ
754 3361 820 3421 δᾶν.
846 3366 940 3421 Vltima
953 3363 1170 3435 verbainlltym.
1275 3384 1278 3387 ·

55 3444 104 3501 ttS.
122 3449 281 3519 Augustano
298 3449 468 3521 descripta,
492 3442 592 3526 φιύιλα
606 3441 700 3524 ἤγουν
715 3443 822 3526 φιύγη.
852 3439 952 3514 οὕτως
964 3443 1014 3503 καὶ
1031 3441 1065 3502 τὸ
1082 3439 1172 3500 ἀλευ-

3 3550 5 3604 j
54 3522 128 3599 άδα,
149 3526 190 3586 τὰ
209 3526 251 3585 dci
270 3523 337 3587 ἀντὶ
353 3534 408 3588 τοῦ
421 3535 469 3607 γᾶ.
507 3533 674 3589 Scholiastae
696 3542 723 3589 et
744 3523 824 3587 ἄλευ’
843 3517 864 3586 cl
884 3527 925 3586 ιλιῖ
940 3531 992 3601 legi
1009 3529 1130 3583 referunt
1145 3534 1173 3581 ot

1 3626 5 3703 p
54 3604 204 3682 desueta,
227 3615 310 3670 eredo
331 3633 362 3672 ex
376 3617 427 3673 hac
443 3618 501 3690 ipsa
516 3618 651 3689 scriptura
666 3620 766 3688 Argum
782 3615 882 3669 Aleuae
897 3614 979 3667 lilium
996 3611 1078 3666 luisse
1094 3609 1173 3664 eolli-

1 3719 3 3759 t
55 3705 156 3766 gentes.
188 3698 268 3765 Quod
280 3698 461 3756 Schlcusncro
477 3701 503 3756 in
519 3700 736 3756 adnotationibus
752 3698 785 3753 ad
801 3697 887 3768 Etym.
901 3695 934 3750 Μ.
952 3695 978 3748 in
993 3700 1110 3747 urentem
1126 3709 1173 3746 vc-

55 3781 91 3835 nit
105 3772 178 3836 ιῖλιυ
193 3777 243 3850 do,
260 3782 286 3837 id
302 3783 412 3839 adscivit
427 3785 587 3848 Dindorllus,
605 3786 692 3840 eiecto
708 3781 886 3861 φοβοῦμαι,
909 3778 982 3850 quod
998 3784 1061 3849 post
1077 3771 1117 3831 dd
1132 3777 1172 3831 le-

37 3862 180 3933 sgchatur,
204 3874 259 3921 tres
287 3868 423 3923 trimetros
445 3869 619 3925 catalecticos
635 3868 772 3924 cnlribens.
809 3865 922 3919 Tantum
938 3871 1028 3917 autem
1050 3858 1127 3916 abest
1144 3869 1172 3916 ut

56 3946 79 4000 id
94 3950 172 4003 uretri
187 3950 272 4005 forma
289 3951 424 4022 postulet,
441 3962 471 4007 ut
486 3953 538 4009 lroc
554 3952 633 4007 metri
648 3969 750 4025 genos,
770 3948 843 4023 quod
857 3956 952 4002 natura
969 3963 1016 4002 sua
1033 3945 1172 4002 catalecti-

55 4047 114 4085 cum
135 4041 195 4096 -est,
224 4051 279 4089 non
301 4042 392 4108 aptum
415 4036 449 4093 sit
471 4037 644 4093 continuatae
666 4035 795 4098 orationi,
818 4033 980 4104 minimeque
997 4031 1042 4111 tali
1058 4031 1083 4085 in
1099 4029 1170 4094 loeo,

55 4115 138 4185 qiralis
153 4117 198 4171 hic
214 4127 271 4181 est,
288 4119 369 4190 pleno
384 4129 474 4176 motus
489 4129 517 4176 et
531 4119 694 4193 agitationis.
733 4117 810 4186 Quod
823 4124 912 4171 autem
925 4116 958 4171 ad
970 4123 1171 4171 monstruosum

2 4203 18 4241 Ἀ
56 4198 118 4252 illud
134 4190 206 4254 ἄλιυ
221 4202 326 4265 attinet,
343 4202 442 4258 abusus
458 4212 499 4260 ost
512 4203 663 4258 [lindorlius
675 4201 754 4257 docta
767 4208 795 4256 et
806 4202 872 4255 scita
884 4199 1072 4255 observatione
1084 4198 1173 4252 Elius-

54 4280 105 4346 lcii‚
123 4283 168 4354 qui
184 4284 209 4338 in
225 4285 304 4341 Diarii
317 4285 422 4342 classici
437 4288 502 4343 fasc.
515 4287 567 4341 xv.
584 4305 611 4359 p.
623 4287 695 4343 218.
705 4293 738 4364 ¹et
754 4285 840 4342 Pliotii
855 4284 1028 4340 adnotatione
1044 4283 1096 4345 illa,
1109 4282 1172 4334 πιιῦ

54 4359 87 4419 τὸ
103 4367 218 4421 παῦσαι
234 4363 351 4443 λέγουσι
366 4364 607 4442 μονοσυλλάβιυς
622 4377 649 4425 et
663 4370 725 4423 παῦ
740 4371 817 4426 παῦε
832 4369 951 4425 restituit
961 4365 1132 4438 Aristophani
1145 4364 1170 4418 iu

54 4447 103 4520 Eq-
120 4467 143 4504 v.
161 4452 231 4508 821.
255 4461 282 4509 et
303 4454 364 4509 παῖ
378 4455 447 4508 παῖε
463 4455 488 4509 in
504 4455 573 4510 Pace
589 4472 612 4508 v.
634 4455 722 4511 1119.
753 4456 881 4527 Apertum
898 4458 941 4507 est
955 4451 981 4506 in
996 4447 1096 4521 udgari
1112 4464 1172 4501 scr-
