2654 5018
323 23 359 80 τὸ
374 19 546 87 αἰκιστικῶς
560 16 609 75 καὶ
616 16 766 93 χαλεπῶς.
792 22 986 77 Grammaticus
1001 24 1028 77 in
1039 21 1091 81 oet

324 102 426 175 αἰκῶς,
438 102 587 179 χαλεπῶς,
603 98 838 176 δισυλλάβως,’
821 100 881 161 απὸ
896 109 951 181 τῆς
965 101 1072 173 αἰκίας.

409 193 480 248 474.
497 190 568 245 475.
598 183 1054 266 πλανᾷ(πλανᾷιΜ.’)κακὸςδ
1072 185 1094 248 it

323 267 423 330 πεσῶν
438 265 618 345 imperent.
635 273 666 328 G.
682 245 733 327 itit.
749 273 822 345 Lips.
838 277 906 347 hug
923 275 988 330 Ven.
1007 276 1034 332 3.
1050 274 1096 332 Viti

323 378 360 415 να
375 358 450 413 Bess
466 357 546 411 lhtru
581 351 682 411 πλανα
696 357 755 412 hld.
791 351 890 435 πλανῃ
911 359 970 413 Per.
994 358 1022 413 ll.
1040 359 1070 413 n.
1090 363 1097 412 t

323 441 541 498 minuriunt.
579 441 608 496 ln
628 436 1099 543 Lipssuperscriptumypnlarp

323 534 351 582 et
365 519 466 604 πλάνᾷ
480 534 508 580 et
523 522 631 604 πλανᾷ.
661 525 809 580 Bruncltius
820 519 919 603 πλάνῃ
932 527 1044 598 recepit,
1056 535 1100 582 uti

324 604 406 676 αἰκὲς
419 612 484 683 πῆμ
482 582 694 686 ἀποσραλεὲς
708 611 828 686 φρενῶν
840 605 949 687 πλάνῃ.
980 609 1102 666 Scholion

323 697 361 774 νᾷ
380 701 545 756 memorent,
567 693 620 748 hoc
641 693 778 765 posterius
799 694 821 748 si
842 694 990 758 scribatur,
1012 702 1103 750 constr

324 752 406 846 αἰκὲς
420 781 474 852 71er
475 769 509 831 ι’·
531 768 721 871 αποσφαλεὶς
735 779 855 854 φρενῶν
869 776 978 858 πλανᾷ.
1007 778 1036 833 ld
1051 778 1105 835 adn

324 880 386 937 que.
416 796 499 918 Αἰὲὲιο
520 860 588 916 riam
604 862 741 933 ingressus
757 862 873 935 Reisigio
889 871 1001 918 auctore
1016 864 1107 919 incon

323 966 351 1021 p.
360 949 430 1005 366.
441 945 628 1001 Wellnuerus
622 947 786 1019 interpunxit
797 941 954 1014 πέπονθας
968 940 1050 1013 αἰκὲς
1064 949 1109 1022 πῆ,

283 1069 293 1087 .
323 1032 397 1087 νῶν·
418 1028 533 1109 πλανᾷ,
555 1024 651 1096 κακὰς
672 1023 702 1085 δ’
720 1024 826 1107 ἰατρὸς
845 1022 887 1099 ὥς
906 1049 952 1098 τις
966 1041 1020 1088 etc.
1050 1032 1110 1087 Eoi

322 1116 414 1172 vitium
429 1114 541 1188 putabat
557 1115 697 1187 Remigius,
714 1116 779 1170 sutis
795 1133 856 1172 esse
872 1117 1035 1180 existimans,
1052 1117 1074 1171 si
1090 1133 1112 1193 φ

323 1201 396 1264 tium,
413 1200 526 1255 removit
540 1200 630 1255 vitium
647 1200 720 1272 quod
735 1200 836 1256 nullum
852 1209 925 1266 eret,
942 1202 1030 1257 intulit
1045 1209 1113 1256 auter

322 1285 372 1349 vin,
388 1285 481 1340 inutile
496 1284 607 1340 verbum
618 1282 726 1363 πλανᾷ,
738 1286 925 1340 inconcinnam
937 1285 1090 1346 dictionem,
1104 1302 1113 1338 r

322 1369 377 1424 llcc
398 1376 491 1463 potest
512 1370 662 1442 comparari
678 1368 810 1440 Euripidis
831 1385 925 1423 versus
946 1369 972 1423 in
987 1368 1100 1423 Bacchis

322 1471 406 1526 pungl
399 1452 503 1516 iubet,

472 1530 610 1608 μέμηνας
623 1525 682 1607 ἤδη
698 1527 747 1586 καὶ
762 1526 847 1608 πρέν·
863 1526 982 1605 ὲξέστης
997 1532 1113 1609 φρενῶν

322 1624 356 1677 ht
371 1621 438 1677 haec
454 1620 586 1676 sententia
601 1616 716 1672 absurda
731 1623 782 1670 est.
809 1616 865 1672 lloc
881 1615 917 1670 ibi
933 1616 997 1671 dicit
1007 1616 1113 1670 Tiresia.

322 1724 404 1780 quarn
419 1711 559 1775 correptus
575 1719 601 1756 ee
617 1700 742 1754 insanin.
762 1700 859 1798 Apud
865 1701 1025 1772 Aeschylum
1041 1700 1084 1755 illu
1100 1718 1113 1772 p

323 1789 448 1861 terpungi
468 1780 626 1848 πέπονθας
640 1774 722 1847 αἰκὲς
735 1775 826 1854 πῆμ’·
842 1775 1031 1860 ἀποσφαλεὶς
1045 1801 1113 1879 φρει

322 1873 415 1928 harum
432 1867 624 1924 sententiarum
639 1867 775 1938 posterior
789 1868 931 1940 explicatio
946 1877 1019 1924 esset
1033 1870 1113 1942 priori

322 1955 479 2011 hensionem
502 1951 654 2006 contineret
669 1950 821 2006 Promethei
842 1970 955 2026 eamque
976 1953 1064 2009 verbis
1086 1972 1113 2010 er

322 2039 351 2094 ld
373 2054 435 2092 vero
458 2043 484 2089 et
505 2053 519 2089 a
541 2034 662 2089 moribus
683 2036 759 2091 chori
780 2036 970 2093 alienissimum
992 2047 1048 2102 est,
1076 2057 1113 2094 ne

322 2139 390 2194 quiae
405 2120 584 2175 Prometheus
606 2119 687 2175 modo
702 2119 813 2176 dixerat.
849 2123 943 2178 Melior
958 2123 1082 2179 Brunckii
1098 2142 1112 2178 r

322 2215 411 2260 temen
431 2197 530 2281 πλάνῃ
551 2203 592 2259 vel
612 2202 712 2285 πλανᾷ
731 2206 896 2278 integrandis
919 2207 1039 2263 versibus
1054 2208 1113 2264 addi

320 2290 480 2363 Aeschylum
496 2298 563 2362 puto

472 2367 629 2438 πέπονθας
643 2366 724 2438 αἰκὲς
738 2367 810 2444 πῆμ’
827 2367 1016 2432 ἀποσφαλεὶς
1030 2393 1113 2424 mnu
