2632 5002
215 1535 620 1681 ADNOTATIONEb
650 1535 724 1626 ΑΙ)
756 1538 1051 1653 SVPPLICES.
1116 1672 1119 1681 Ι

65 1951 100 2006 ln
118 1946 298 2021 supplicibus
319 1964 385 2002 usus
406 1963 465 2002 aum
486 1946 627 2019 scripturis
643 1945 767 2001 codicum
782 1945 894 2002 bledicci
910 1947 973 2020 (ll),
997 1948 1195 2022 Guelferbytani

68 2035 138 2105 (G),
155 2032 269 2087 Parisini
285 2031 343 2100 (P),
365 2030 558 2086 Escorialensis
574 2029 628 2101 (E).
660 2030 750 2085 Codex
764 2029 915 2094 Mediceis,
939 2039 970 2086 ut
984 2032 1075 2087 multis
1091 2033 1195 2088 iudiciis

70 2116 270 2189 cognoscitur,
291 2115 444 2187 descriptus
458 2123 501 2170 est
516 2131 548 2169 er
562 2112 632 2169 libro
648 2113 744 2169 litteris
760 2114 896 2186 quadratis
911 2116 1029 2188 scripto,
1053 2117 1126 2189 quod
1141 2133 1195 2171 non

72 2199 291 2256 obliviscendum
316 2207 359 2254 est
380 2206 455 2254 reete
477 2215 510 2254 eo
532 2198 571 2252 uti
592 2197 753 2253 volentibus.
794 2197 832 2252 Er
847 2198 967 2253 blediceo
984 2199 1136 2273 descriptus
1153 2208 1196 2256 est

74 2283 313 2356 Guelferbytanus,
331 2299 410 2355 quem
426 2283 484 2355 ipse
500 2281 612 2337 contuli.
642 2281 786 2344 Parisinus,
803 2299 817 2337 a
833 2282 987 2338 Wellauero
1003 2283 1092 2339 littera
1107 2285 1127 2339 b
1143 2301 1195 2339 no-

74 2378 167 2430 tatus,
190 2384 271 2439 quem
293 2375 321 2421 ct
336 2367 466 2421 Antonius
482 2365 623 2421 nslrcwius
639 2373 667 2420 et
682 2363 850 2420 Godolrddus
866 2364 994 2421 l'acbsius
1010 2368 1193 2434 contulerunt,

74 2452 181 2507 iontem
203 2450 297 2506 babuit
317 2450 392 2505 illum
414 2450 553 2522 antiquum
569 2448 680 2512 librum,
705 2466 736 2503 cr
752 2466 805 2521 quo
822 2449 974 2522 descriptus
990 2458 1032 2505 est
1047 2451 1193 2507 blediceus.

75 2535 115 2590 lle
131 2535 174 2590 bis
189 2534 264 2589 libris
280 2535 360 2589 sicuti
375 2534 408 2589 de
424 2533 585 2589 editionibus
598 2534 714 2605 antiquis
727 2532 839 2604 diligens
852 2541 894 2587 est
905 2533 1051 2605 disputatio
1062 2535 1194 2590 Guiliclmi
1208 2568 1214 2575 ,

75 2617 302 2674 llarckscbcllelii
318 2619 344 2673 in
355 2617 492 2673 Welclreri
508 2625 535 2672 et
546 2616 684 2672 Ritsehclii
696 2616 788 2670 Museo
804 2615 969 2688 plrilologieo
985 2617 1037 2670 vol.
1046 2617 1076 2670 V.
1107 2617 1195 2672 Esco-

76 2702 202 2758 rialensis
224 2701 324 2757 codicis
345 2702 517 2758 collationem
539 2700 632 2773 accepi
653 2699 819 2755 arndenco
836 2698 952 2761 bretun,
976 2716 1056 2771 quem
1071 2699 1195 2755 videntur

77 2786 210 2859 quaedam
226 2785 339 2858 fugisse.
370 2785 419 2840 Est
434 2785 477 2840 ille
493 2785 550 2840 sine
566 2784 647 2840 dnbio
664 2801 695 2839 er
707 2782 827 2838 Parisino
844 2781 1005 2855 descriptus.
1034 2783 1064 2838 ln
1077 2783 1193 2840 editione

76 2870 172 2926 Aldina
188 2870 350 2925 Franciscus
365 2870 499 2925 nsulanus
522 2876 650 2941 quattuor
666 2866 833 2939 tragoedias,
860 2883 929 2940 quac
944 2867 1023 2940 vulgo
1039 2860 1207 2941 postremae'

78 2962 149 3018 sunt,
167 2971 198 3009 er
214 2954 310 3008 codice
326 2953 533 3025 Gucllerbqtmo
549 2953 701 3024 descripsit,
718 2952 798 3024 idque
813 2968 868 3006 nou
883 2951 964 3006 modo
978 2960 1109 3025 perpetua
1125 2970 1193 3009 con-

77 3038 187 3110 spiratio
205 3055 268 3092 cum
282 3038 327 3092 illo
343 3037 446 3100 codice,
469 3037 517 3092 sed
532 3036 572 3091 rel
587 3036 699 3090 maxime
714 3036 855 3092 confirmat
869 3036 964 3108 ingens
979 3054 1107 3092 numerus
1124 3039 1193 3093 scri-

78 3130 234 3194 pturarum,
257 3121 284 3175 in
306 3120 403 3192 quibus
419 3120 552 3176 dsulanus
568 3120 669 3175 codicis
685 3120 790 3192 legendi
805 3121 938 3193 imperitia
954 3120 987 3175 ab
1003 3122 1125 3194 exemplo
1141 3138 1192 3178 suo

77 3204 225 3268 aberravit,
247 3204 330 3260 veluti
350 3221 431 3276 quum
445 3220 537 3276 μενος
550 3204 751 3276 participiorum
767 3221 799 3259 eo
816 3204 976 3276 compendio
992 3206 1123 3278 scriptum
1139 3215 1190 3269 est,

77 3289 150 3361 quod
169 3289 208 3344 illi
222 3304 294 3360 μιος
308 3305 369 3344 esso
384 3287 531 3342 videbatur.
561 3287 693 3342 Adrianus
707 3287 846 3343 Turnebus
862 3288 947 3342 solam
962 3289 1055 3343 babuit
1070 3290 1190 3344 Aldinam

78 3390 157 3444 quam
173 3380 344 3443 sequeretur.
375 3371 439 3426 liius
454 3372 498 3426 ille
513 3371 564 3426 alia
578 3371 640 3426 vitia
655 3379 728 3426 recte
745 3371 869 3436 currerit,
887 3371 936 3427 alia
952 3381 1041 3428 autem
1058 3374 1214 3445 permulta'

77 3455 226 3511 incredibili
249 3456 401 3511 temeritate
417 3463 497 3528 atque
512 3455 617 3510 inscitia
633 3473 682 3510 suo
696 3455 795 3511 iudicio
810 3457 930 3511 mutavit.
960 3456 1120 3511 Franciscus
1136 3458 1192 3513 Ro-

77 3538 210 3594 bortellus
231 3540 282 3595 nisi
303 3539 392 3612 ipsum
412 3539 534 3594 codicem
550 3539 712 3602 Mediceum‚
730 3547 804 3594 certe
820 3524 907 3593 aliurn¹
916 3538 951 3592 illi
967 3533 1128 3594 simillimum
1144 3557 1191 3594 crr-

70 3624 185 3695 prcssit.
218 3623 303 3690 Quem
327 3623 371 3678 ille
391 3623 418 3677 in
433 3623 599 3696 praefatione
614 3617 721 3676 breve'm
737 3621 852 3675 indicem
867 3629 985 3676 mutatae
1000 3621 1041 3675 vel
1056 3621 1089 3675 ab
1106 3639 1134 3676 se
1150 3623 1190 3677 rel

79 3706 233 3762 allicbaele
244 3707 382 3779 Sophiano
398 3708 546 3779 scripturae
559 3704 664 3768 adiecit,
681 3704 773 3775 augeri
784 3702 874 3775 potuit
883 3702 985 3785 aliquot
996 3703 1072 3760 locis.
1101 3705 1190 3773 Quae-

79 3790 137 3846 dam
153 3799 238 3855 certe,
256 3791 304 3846 sed
319 3808 390 3854 raro,
406 3791 464 3864 ipse
480 3790 512 3847 dc
529 3809 578 3846 suo
593 3788 716 3863 posuerit
725 3803 838 3842 necesse
851 3794 901 3841 est.
932 3788 961 3842 ln
969 3788 1120 3845 Victoriana
1131 3790 1190 3845 edi-

81 3874 151 3930 tione
166 3876 227 3931 ritia
242 3875 353 3930 Aldinae
368 3876 527 3948 plerumque
543 3858 738 3930 ex'llobortclli
753 3872 870 3927 editione
885 3872 1026 3930 emendata
1041 3884 1112 3930 sunt.
1144 3875 1191 3928 Vi·

80 3959 225 4013 ctorianam
241 3951 302 4014 lere
313 3967 423 4014 secutus
439 3969 481 4015 est
496 3958 650 4015 Guilielmus
662 3957 801 4020 Gruterus,
819 3956 863 4028 qui
877 3957 979 4030 primus
995 3959 1189 4031 antistrophica

83 4050 207 4113 quantum
223 4051 332 4115 poterat
346 4043 472 4099 distinxit.
503 4043 610 4100 Canteri
626 4048 713 4097 textus
728 4041 859 4114 repetitus
874 4049 917 4097 est
932 4042 958 4097 in
974 4043 1091 4098 editione
1108 4042 1190 4097 Stan-

83 4123 180 4189 leima,
202 4127 280 4199 isque
295 4127 423 4199 deinceps
438 4128 560 4200 nugatus
576 4134 664 4181 textus
680 4125 837 4182 nabebatur.
867 4125 934 4181 Eum
949 4128 1034 4198 magis
1049 4127 1189 4197 magisque

85 4209 273 4278 perturbarunt
293 4211 377 4266 critici
393 4228 443 4284 pro
459 4229 507 4267 sua
522 4212 636 4284 quisque
652 4210 692 4265 vel
708 4209 819 4266 scientia
834 4210 876 4264 vel
890 4210 998 4282 ingenio
1014 4210 1054 4264 vol
1070 4208 1188 4263 libidine.

88 4289 202 4356 Quorum
221 4311 269 4348 eos
291 4303 421 4359 conatus,
446 4296 491 4369 qui
510 4296 551 4351 vel
572 4294 631 4349 ialsi
651 4294 692 4348 vel
712 4295 770 4349 varri
791 4292 833 4347 vel
853 4295 936 4367 inepti
958 4293 1000 4347 vcl
1015 4292 1099 4346 insani
1117 4296 1188 4350 sunt,

88 4372 206 4432 oblivioni
225 4377 420 4452 ⁴relinquendos
442 4380 512 4436 duri.
548 4379 652 4435 Pariter
671 4378 716 4434 ubi
737 4378 771 4434 de
793 4377 917 4433 codicum
933 4377 1067 4447 scriptura
1083 4378 1192 4428 constat

845 4467 990 4521 ,1,
