2654 5018
351 684 354 691 '
378 699 423 750 An
439 700 674 754 οεοιιυτιιενο
693 701 853 774 νιοετυιι.
1136 698 1176 759 97

133 853 208 914 477.
238 872 293 928 μοι
307 855 338 911 G.
350 855 402 911 vit.
414 857 511 929 aliique
527 859 647 914 codices.
676 859 706 913 ln
719 859 749 914 G.
763 859 814 915 Vit.
826 851 1064 934 ἒμοῦοιρδίεοοδί
1080 881 1175 923 mussa

54 941 267 1014 supemcriptum
284 947 337 994 est.
367 933 410 1014 μὴ
426 940 498 1012 Lips.
514 944 583 1014 Aug.
612 959 673 1015 μου
689 943 723 998 Μ.
740 943 838 1016 aliique
853 951 881 998 et
896 944 1037 1002 editiones.

20 1092 22 1096 ,
131 1016 289 1100 θαυμάσῃ
305 1022 365 1078 libri
381 1032 490 1096 praeter
503 1025 569 1081 Ven.
587 1027 614 1083 3.
631 1026 712 1082 Turn.
729 1028 775 1100 qui
789 1027 890 1083 hahent
906 1022 1087 1102 θαυμάσεις,
1103 1033 1176 1105 quod

53 1109 266 1182 supet-smmum
282 1108 308 1162 in
325 1107 385 1162 Per.
401 1111 432 1164 A.
448 1102 477 1163 A.

130 1193 205 1250 478.
238 1183 272 1248 δι’
282 1199 410 1264 superest
424 1208 439 1246 α
453 1192 540 1264 prima
554 1210 635 1249 manu
650 1194 677 1249 in
690 1194 723 1250 Μ.
753 1194 928 1251 Μεεεοῑίουεε
944 1195 1012 1252 duee
1027 1215 1122 1257 manus
1134 1199 1175 1254 1ε-

52 1285 143 1331 terunt
158 1292 213 1330 une
230 1270 408 1343 ο1ἀς,εδῑεε.·ι
425 1267 500 1341 υἱεῖς.

130 1353 248 1434 πόρους
267 1359 303 1414 Μ.
319 1358 371 1413 Vss.
393 1359 490 1432 aliique
512 1367 540 1414 et
557 1359 629 1415 1101).
660 1352 770 1426 δόλους
790 1362 821 1417 G.
842 1362 915 1435 Lips.
932 1364 1000 1435 Aug.
1023 1364 1121 1436 aliique
1145 1374 1173 1422 εῑ

10 1428 23 1606 ρ
54 1443 107 1498 Ale
122 1443 205 1497 Turn.
238 1436 350 1508 δόλους
363 1443 396 1498 οδ
412 1437 518 1516 τέχνας
528 1443 693 1517 adscriptum
705 1444 788 1501 fuisse
800 1445 928 1502 credibile
940 1455 992 1503 est.
1023 1447 1195 1521 Hesychius
1253 1460 1255 1463 ·

55 1521 144 1599 τόχνη,
160 1519 311 1600 ἐπιστήμη
326 1520 346 1600 ἢ
362 1519 461 1594 δόλος.

131 1614 204 1667 479.
236 1604 267 1677 ἐς
281 1611 355 1683 Lips.
372 1610 431 1665 Par.
447 1614 478 1666 A.
495 1610 523 1666 B.
540 1611 647 1683 aliique.
672 1606 720 1677 ek
734 1612 768 1667 Μ.
785 1612 815 1667 G.
832 1613 882 1667 vn.

131 1696 204 1752 480.
237 1686 308 1748 οὐδε
331 1693 366 1748 Μ.
408 1686 479 1749 οὐδὲ
500 1695 531 1750 G.
553 1695 627 1767 Lips.
649 1695 711 1753 edd.
727 1704 792 1752 vett.
832 1696 916 1754 Recte
939 1697 1088 1756 anckius
1110 1716 1170 1756 cum

58 1777 108 1833 Par.
122 1782 154 1834 A.
172 1777 201 1832 B.
218 1778 321 1843 Arund.
337 1777 463 1834 cantabr.
481 1780 509 1835 2.
525 1770 605 1835 οὔτε.
799 1828 802 1835 Δ
1134 1823 1143 1839 „

132 1853 272 1919 481.ὀῦ
295 1855 467 1938 χρηστδνι
495 1880 537 1935 pr.
559 1880 639 1918 manu
660 1861 787 1919 habuisse
808 1852 912 1920 eidetur
933 1865 966 1920 Μ.
1008 1858 1080 1922 οὐδὲ
1100 1884 1170 1943 χρι-

56 1939 120 2001 στὸν
134 1946 165 2001 G.
962 1978 968 1987 =

131 2022 168 2084 οὐ
183 2022 292 2085 πιστὸν
306 2029 380 2102 Lips.
396 2032 464 2102 Aug.
486 2029 563 2085 Golb.
583 2033 608 2086 1.
630 2029 756 2086 Cantabr.
774 2032 801 2088 2.
824 2024 919 2086 sedin
934 2033 1007 2105 Lips.
1024 2026 1058 2088 δι’
1073 2049 1171 2105 super-

57 2114 188 2186 stn'ptum.
219 2104 256 2167 οὐ
272 2106 418 2168 αυτιστδν
432 2113 483 2168 vie
500 2113 563 2169 Par.
576 2113 605 2169 B.
622 2113 665 2169 G(
683 2106 755 2170 οὐδὲ
768 2109 877 2171 πιστὸν
892 2116 925 2171 Μ.
943 2117 974 2172 G.
991 2124 1018 2171 εῑ
1033 2134 1082 2188 pro
1098 2117 1170 2172 veria

58 2197 164 2266 lechone
180 2196 240 2252 Par.
257 2196 286 2251 B.
309 2205 391 2269 etque
412 2197 451 2252 sic
473 2197 535 2252 edd.
557 2206 621 2253 vett.
663 2198 764 2266 Quater
783 2194 878 2256 πιστὰ
898 2193 1057 2278 φάρμακα
1069 2218 1101 2256 ex
1115 2204 1170 2257 Ae-

58 2282 140 2354 ehylo
167 2281 389 2337 commemoravit
411 2280 583 2346 Eustathius,
610 2299 637 2354 ρ.
654 2285 731 2346 464,
749 2285 798 2340 37.
824 2285 918 2348 1050,
936 2287 986 2341 49.
1013 2287 1100 2349 1193,
1118 2285 1167 2342 22.

61 2368 139 2429 1554,
157 2367 213 2422 45;
243 2373 299 2421 tum
324 2364 426 2420 scholia
452 2365 491 2422 inl
505 2365 613 2421 Iliadem
640 2366 667 2422 in
692 2366 811 2422 Grameri
831 2368 933 2423 Aneed.
956 2368 1166 2434 Par.111.200.

131 2535 204 2591 482.
231 2533 341 2608 χρεῖαι
355 2532 385 2588 G.
472 2527 686 2590 κατισκίλοντο
701 2534 774 2606 Lips.

19 2629 20 2632 ’
130 2612 201 2692 πρίν
214 2609 240 2691 γ’
259 2617 293 2671 Μ.
311 2618 341 2671 G.
358 2616 409 2672 vit.
425 2616 523 2690 aliique
539 2620 568 2672 εἴ
582 2618 648 2673 Rob.
679 2612 751 2692 πρὶν
764 2617 824 2671 Per.
840 2619 871 2672 A.
887 2617 916 2671 Β.
933 2617 992 2674 Ald.
1008 2617 1088 2672 Turn.

129 2717 237 2779 σφισιν
250 2700 297 2755 Μ.ι
316 2694 403 2778 σφίσι
418 2701 491 2773 Lips.
522 2701 611 2757 Ceteri
626 2695 740 2777 σφίσιν.

12 2807 22 2894 ρ
130 2787 202 2842 483.
232 2776 419 2858 ἡπιῶνδδρε.

16 2891 17 2894 “
129 2862 332 2946 κερασμάταιν
353 2868 454 2924 diverse
476 2868 557 2924 lectio
580 2870 607 2924 in
628 2868 688 2924 Par.
705 2868 734 2923 B.
751 2868 820 2923 etin
836 2869 955 2942 margine
970 2867 1081 2924 Aldinae
1096 2868 1167 2940 apud
1278 2914 1281 2919 ,

17 2944 25 2957 ’
56 2950 203 3009 ΜοιεΜίιιιο.

129 3039 202 3096 484.
229 3030 444 3108 ’ἓξιιμείβυνται
460 3036 490 3092 G.
508 3037 583 3092 Bess.
599 3034 658 3093 Ald.
679 3045 707 3093 ει
727 3054 778 3110 pro
800 3038 869 3093 veria
885 3036 1002 3093 lectione
1017 3037 1043 3092 in
1060 3037 1119 3093 Per.
1136 3036 1164 3092 B.

54 3119 142 3194 inquo
158 3121 192 3176 ad
209 3109 257 3186 αἷς
271 3112 436 3193 adscriptum
451 3139 498 3198 γρ.
515 3115 556 3176 a‘c'.

9 3226 12 3248 .
130 3208 201 3263 485.
232 3198 401 3283 τρόπουστε
416 3205 450 3260 Μ.
539 3198 700 3279 ἓστοόχησα
716 3205 746 3261 G.

130 3291 202 3349 488.
232 3306 264 3344 τε
280 3282 379 3344 emant
394 3289 445 3343 vit.

6 3377 18 3459 ,ἶ
130 3376 202 3432 488.
232 3365 440 3447 γαμψουύχων
455 3374 485 3428 G.

130 3460 202 3515 490.
231 3475 264 3512 τε
280 3454 411 3512 omittunt*
423 3458 452 3512 G.
469 3457 544 3512 Bess.
560 3456 619 3512 Ald.
636 3458 702 3513 noh.
719 3469 773 3511 non
789 3458 840 3513 Vll.
857 3468 886 3514 ut
901 3460 936 3513 ait
952 3458 1143 3513 Blomfieldius.

131 3544 202 3599 481.
232 3534 382 3613 εὖιόνυμοι
397 3558 428 3596 τε
445 3542 475 3596 G.
493 3540 560 3596 nob.
590 3540 797 3614 Exquisitiorem
813 3543 976 3614 scripturum
992 3533 1166 3611 εὐωνύμους

4 3646 6 3660 ·
51 3641 79 3678 ιε
93 3626 224 3696 praebent
239 3625 274 3680 Μ.
290 3626 342 3680 Vit.
358 3625 430 3697 Lips.
446 3626 577 3697 multique
592 3625 635 3680 alii
651 3633 678 3679 et
693 3624 752 3679 Ald.

3 3718 5 3724 ‘
131 3713 202 3768 493.
232 3703 341 3786 στέργη
357 3704 709 3785 θρα1ηοοστέργητρα),
725 3723 801 3762 erasa
816 3713 880 3778 post
894 3722 913 3778 η
929 3704 1017 3759 littera
1033 3711 1061 3759 et
1074 3720 1092 3778 ρ
1103 3711 1167 3776 post

1 3815 3 3836 .
52 3788 102 3846 9ο
117 3810 173 3848 see.
191 3811 271 3849 manu
287 3793 387 3856 addito,
403 3793 436 3847 Μ.
468 3787 624 3869 θέλγητρα
639 3792 715 3847 Golb.
725 3794 753 3848 2.
770 3791 828 3845 Per.
845 3789 876 3844 N.

1 3934 2 3940 ς
51 3952 67 4010 δ
131 3873 300 3955 συνεδρίαι,
327 3877 423 3933 litteris
448 3872 485 3952 δρ
507 3895 522 3932 a
544 3894 599 3932 sec.
622 3893 701 3932 manu
726 3877 754 3930 in
769 3875 849 3930 litura
864 3872 987 3945 scriptis,
1005 3871 1039 3926 Μ.
1076 3888 1166 3927 συνο-

1 3989 8 4014 ›
68 3953 108 4014 ιάι
128 3962 158 4015 G.

132 4047 202 4103 494.
232 4036 405 4117 τελειότητα
425 4045 590 4101 coniunctim
611 4044 645 4099 Μ.
667 4043 740 4115 Lips.
762 4042 811 4096 sed
832 4042 858 4096 in
874 4040 907 4096 Μ.
931 4040 1049 4096 secunda
1070 4057 1164 4096 manus

50 4125 142 4183 djvisit.
233 4130 340 4204 χρεῖαν
354 4129 384 4183 G.

131 4214 202 4271 495.
233 4207 356 4286 δαίμοσι
372 4212 406 4267 Μ.
423 4213 454 4268 G.
470 4212 521 4268 Vit.
545 4212 617 4285 Lips.
632 4214 699 4282 Aug.
716 4210 777 4266 εδδ.
793 4217 857 4265 vett.
895 4208 1041 4265 Emendate
1057 4210 1164 4266 Grotius

51 4294 73 4349 in
88 4296 228 4370 Excerptis
243 4315 270 4370 p.
291 4300 337 4353 11.

133 4381 197 4436 Post
219 4382 290 4437 hunc
312 4397 417 4436 versum
441 4380 524 4437 εεεδο
545 4394 628 4435 unum
644 4378 784 4433 excidisse.
815 4377 879 4443 Nam
896 4394 949 4432 non
965 4377 1052 4433 solum
1068 4375 1165 4449 copule
1208 4451 1210 4456 ,

51 4461 133 4529 deest,
151 4464 294 4520 sedetiam
311 4465 379 4521 fellis
394 4465 471 4521 color
487 4473 514 4520 et
530 4465 615 4521 forma
631 4480 675 4518 res
691 4462 793 4518 alienae
809 4471 881 4518 sunt.
912 4461 981 4516 Nihil
996 4459 1076 4524 enim,
1093 4455 1166 4530 quod

105 4563 265 4607 AESGHYLUS
278 4565 305 4608 ΙΙ.
948 4558 962 4604 ’1
