2654 5018
340 32 434 66 ..ιιι
453 18 550 86 nup?
562 6 621 61 Altl.
664 3 790 60 Restituit
811 21 905 61 norror
925 3 1077 69 Porsunus,

343 93 484 148 tissimum.

426 176 497 232 420.
527 164 661 248 ἅραβιάς
681 163 704 228 r’
722 172 756 227 ll.
779 173 810 227 G.
833 171 885 226 vu.
908 179 936 226 et
956 170 1083 243 plerique

340 261 429 334 pauci.
460 258 526 313 Tum
541 250 632 322 ἔθνος
645 256 704 311 utu.
734 247 833 322 ἄνθος
847 255 880 310 lt.
894 255 925 310 G.
937 254 988 309 vu.
1002 255 1086 327 Lips„

220 387 226 392 .
342 345 433 416 risque
449 342 517 397 hob.
547 342 567 396 1.
585 340 616 396 ll.
633 341 743 396 Vossius
759 341 785 395 in
801 340 970 411 Geographia
984 347 1038 395 vet.
1054 356 1083 411 p.

341 437 371 483 ut
386 427 565 483 exclamemus
581 425 653 497 quod
669 424 807 480 Plautinus
822 422 979 479 Charmides
994 424 1020 478 in
1036 422 1093 480 Tru

341 513 462 570 ninnium
480 512 601 585 primunt
616 511 647 564 in
664 511 782 566 Pontum
796 509 906 564 aduecti
921 510 960 563 ud
974 507 1096 566 tration

342 597 396 659 alet,
413 615 450 652 an
467 599 548 651 etium
561 596 669 649 Archia
684 603 721 649 ert
735 597 766 650 t'n
779 593 889 648 Ponto?
912 592 1067 647 Collocasse
1083 606 1099 648 a

341 681 367 738 iu
383 680 476 737 vicinia
493 678 613 733 Caracasi.
644 680 677 732 ht
692 677 714 730 si
725 676 865 749 Euripides
880 676 907 731 iu
918 676 1032 733 Bacchis
1044 693 1068 730 v.
1082 678 1102 734 ll

342 761 446 826 Arabia,
463 760 628 833 respondere
644 759 736 817 licebit
751 760 824 833 quod
839 760 996 816 Charmidae
1012 760 1056 815 isti
1071 775 1106 816 ru

342 849 402 906 lucc
422 847 470 902 uhi
491 856 534 901 tur
555 847 700 918 gignitur,
722 847 770 901 red
790 848 839 902 ulai
853 846 1024 903 absinthium
1039 846 1069 917 fit
1085 862 1109 900 m

342 930 509 988 laborarunt
532 929 583 988 tam
609 937 713 984 veteres
734 930 896 1002 interpretes
918 929 943 984 in
965 929 1112 1003 quaerenda

306 1071 314 1083 ,
343 1014 468 1087 Scythiae
483 1013 671 1070 admoverent:
689 1014 734 1088 qui
750 1030 832 1090 quum
848 1015 872 1069 ei
887 1014 926 1068 rei
938 1012 1114 1086 Troglodytas

342 1115 420 1161 rore,
444 1115 523 1171 quem
540 1098 715 1154 Casaubonus
730 1098 764 1153 acl
780 1097 940 1155 Strabonem
956 1116 983 1171 p.
1002 1100 1071 1155 506.
1088 1115 1117 1153 ur

342 1184 376 1243 ad
392 1183 478 1243 sinum
494 1182 636 1240 Arabicum
651 1183 820 1248 incolebant,
844 1184 877 1240 tle
893 1183 990 1256 quibus
1006 1182 1103 1238 Straho

342 1269 475 1341 exposuit,
491 1268 672 1324 contuderunt
687 1285 748 1325 cum
763 1269 815 1325 illis
832 1286 948 1344 quomrn
964 1268 1044 1323 sedes
1059 1267 1107 1323 tuit

343 1353 432 1407 lmlem
448 1352 623 1416 hlaeotirlcm‚
647 1353 680 1407 ale
700 1351 798 1425 quibus
814 1353 883 1408 idem
901 1352 999 1407 Strabo
1015 1352 1098 1406 relect
1112 1351 1117 1406 l

343 1437 432 1492 locum
444 1444 602 1508 spectarunt
613 1435 784 1490 scholiastae.
807 1436 917 1490 Praeter
928 1436 979 1490 hos
990 1436 1033 1491 alii
1046 1435 1117 1491 suere

344 1521 415 1574 circa
430 1519 543 1582 Tomos,
571 1520 604 1574 de
625 1517 722 1590 quihus
743 1518 807 1573 uixit
822 1517 920 1573 Strabo
943 1517 1011 1574 libro
1028 1519 1081 1575 Vll.
1097 1538 1114 1592 p

343 1601 452 1656 Butlero
474 1603 552 1656 latius
574 1610 667 1674 patere
688 1602 773 1655 visum
795 1602 912 1674 antiquis
935 1620 996 1658 esse
1018 1620 1116 1660 nomen

342 1684 425 1742 nihilo
441 1686 595 1756 peritiorem
611 1684 792 1757 geographiae
808 1685 1005 1758 Shakespean'o
1021 1687 1103 1742 fuisse

236 1831 238 1840 p
343 1775 386 1823 est
405 1768 432 1821 in
454 1768 484 1821 iis
507 1767 573 1821 locis
596 1768 641 1840 qui
664 1766 709 1822 ubi
725 1776 857 1823 terrarum
873 1771 916 1825 siti
932 1780 1025 1826 essent
1040 1789 1117 1827 nenio

237 1844 240 1915 ξ
343 1853 377 1906 At
398 1851 424 1905 ial
446 1868 500 1905 non
523 1858 614 1923 potest
629 1851 726 1907 cadere
742 1853 767 1907 in
784 1852 922 1918 Arabiam,
951 1856 1027 1910 cuius
1047 1872 1117 1912 nomi

343 1935 444 2018 porrigi
471 1934 582 1991 crealcre
607 1935 812 2008 relinquendum
834 1938 979 1994 Wclclrero
1005 1940 1031 1994 in
1052 1940 1117 1995 Trilc

243 2008 250 2052 l
343 2022 472 2092 Apertum
488 2028 530 2075 cst
544 2027 634 2076 autem
646 2022 807 2095 Aeschylum
822 2022 855 2077 de
871 2031 936 2078 noto
952 2023 1080 2098 claroque
1096 2042 1117 2097 p·

344 2106 493 2165 Caucasum
510 2106 550 2161 vel
565 2105 591 2160 in
607 2105 666 2178 ipso
678 2105 798 2162 Caucaso
814 2106 925 2162 habitet.
956 2107 1021 2163 h'am
1038 2108 1112 2182 quod

251 2181 252 2184 ¹
343 2183 376 2245 θ’
394 2183 428 2245 ol*
442 2184 578 2258 πόλισμα
599 2184 769 2246 Καυκάσου
790 2184 972 2240 111²*stss-
