2632 5002
389 734 434 784 llll
452 732 685 787 Pnonnuttuvtt
703 733 863 787 VlNC'l'Vll.
1144 727 1183 787 75

148 891 249 948 ταῦτα
270 881 358 944 πάντ’
375 889 447 962 Lips.
468 894 494 947 1.
581 883 750 964 Ζαιστύμην
763 893 794 947 G.
811 900 839 948 et
854 900 915 948 ante
931 909 1003 949 corr.
1019 894 1091 967 Lips.
1113 897 1137 950 1.
1154 896 1182 951 2.

148 976 222 1033 268.
253 965 290 1028 ού
305 967 495 1050 καρνήσομαι
511 974 544 1030 ll.
575 967 631 1030 ούκ
646 966 886 1050 ἀνήσομααιίρι.
906 979 932 1033 1.

148 1061 222 1118 269.
253 1056 498 1131 θνητοῖιίρι.2.

21 1204 22 1207 ¹
147 1136 180 1199 ‹l'
199 1143 328 1198 omittunt
344 1142 378 1196 ll.
395 1141 462 1198 lloh.
498 1146 535 1198 he
558 1142 655 1198 delevit
674 1142 800 1199 Elmsleio
817 1143 971 1200 obsecutus
991 1143 1182 1200 lllotnlleldius.

21 1253 22 1258 ¹
63 1235 93 1285 tt
108 1231 154 1285 hie
170 1245 267 1283 versus
281 1243 336 1281 non
352 1234 395 1281 est
409 1221 559 1300 explicatio‘
565 1226 763 1299 praecedentis.

146 1305 289 1389 ηύρύμην
303 1310 379 1365 Cant.
397 1310 425 1367 2.
455 1303 591 1385 ιύρύμην
605 1311 636 1367 6.

148 1399 222 1454 270.
253 1395 311 1450 lloc
328 1385 411 1449 ¹versu
425 1395 519 1469 incipit
534 1395 620 1451 coclea
634 1395 850 1467 Vitehergensis,
872 1397 898 1452 in
915 1413 969 1470 quo
985 1414 1054 1470 quae
1069 1414 1184 1470 praeee-

8 1495 11 1502 ‘
64 1484 127 1538 duint
144 1480 312 1555 perierunt.·
385 1503 390 1511 ·
727 1484 729 1488 ’

7 1567 19 1634 ζ
147 1558 184 1620 σύ
206 1556 270 1637 μήν
290 1581 318 1620 τι
334 1563 368 1617 ll.
385 1561 452 1618 lloh.
483 1553 519 1617 ού
541 1554 603 1638 μήν
622 1579 668 1618 τοι
691 1562 756 1629 (τοῖ
766 1565 847 1638 Aug.)
864 1565 894 1620 G.
911 1564 962 1620 Vit.
979 1566 1052 1639 hips.
1070 1567 1097 1622 2.
1114 1568 1182 1637 hug.

65 1643 97 1705 ού
110 1643 221 1723 Ιιιη’ν.γι
237 1648 309 1721 lips.
329 1632 374 1704 pt
680 1683 688 1711 .ae

147 1726 173 1808 γ’
191 1733 320 1788 omittunt
334 1732 406 1803 Lips.
427 1733 453 1787 1.
470 1731 498 1787 2.
515 1732 582 1803 Aug.
599 1731 696 1803 aliique
712 1738 740 1787 et
755 1731 816 1786 edd.
832 1741 894 1787 ante
910 1733 978 1789 Viet.
1045 1759 1056 1778 ·

149 1809 289 1872 τοιαῖσύί
301 1832 346 1871 τοι
363 1814 428 1870 Ven.
447 1817 474 1872 3.
490 1814 633 1870 Elmsleins
649 1815 730 1870 scribi
745 1815 851 1871 volebat
866 1813 1020 1879 τοιαισίύε.

149 1903 222 1958 271.
259 1896 508 1973 κατισχανεῒσύαι
531 1900 562 1954 6.
584 1899 657 1972 Lips.
678 1902 702 1956 1.
720 1900 748 1956 2.
765 1903 833 1973 Aug.
855 1900 921 1957 Ven.
939 1904 966 1960 3.
990 1910 1018 1957 et
1039 1902 1101 1957 edd.
1118 1911 1181 1958 vett.

1 2013 3 2018 >
63 1986 136 2060 quod
153 1986 291 2041 Porsonus
307 1984 339 2039 ad
356 1984 418 2039 Eur.
436 1984 481 2039 0r.
499 1985 569 2040 292.
591 1983 624 2038 ah
642 1984 735 2040 llttieis
751 1985 880 2040 suavioris
896 1987 954 2042 soni
971 2003 1066 2041 caussa
1082 1985 1183 2059 proha-

1 2124 5 2153 *
63 2069 282 2127 tumiualicabat.
313 2068 343 2125 ld
358 2067 497 2140 analogiae
513 2085 664 2141 repugnare
679 2068 744 2124 vidit
758 2068 949 2126 Blomlieldius.
980 2070 1063 2127 lleete
1079 2070 1113 2125 ll.
1129 2070 1181 2125 Vit.

1 2220 15 2240 ι
63 2156 122 2211 Par.
139 2154 170 2210 h.
187 2150 466 2226 κατισχνανεῖσθαι,
481 2152 618 2226 ediditque
633 2153 670 2208 ita
685 2152 742 2226 ipse
754 2154 899 2210 Personas.
931 2155 1018 2230 Vtitur
1031 2146 1089 2211 hoc'
1099 2153 1181 2210 verbu

63 2238 214 2311 Aeschylus
235 2239 314 2292 etiam
335 2237 402 2291 inira
420 2238 490 2295 382.
513 2236 589 2291 Eum.
610 2239 677 2294 142.
695 2239 765 2295 264.
782 2247 809 2294 et
830 2240 857 2294 in
873 2240 995 2314 Lycurgo
1010 2240 1081 2312 apud
1097 2240 1182 2294 althe-

62 2341 160 2379 naeum
176 2323 208 2377 ll.
224 2339 252 2395 p.
269 2324 340 2379 447.
358 2321 386 2376 6.
408 2329 539 2394 reeteque
561 2321 742 2378 lllomlieldius
764 2323 791 2378 in
807 2322 961 2380 Callimachi
981 2325 1067 2398 epigr.
1085 2325 1134 2387 48.
1153 2325 1180 2381 3.

63 2407 186 2480 reposuit
204 2399 236 2460 ni
251 2403 380 2462 Μοῦσαι
395 2396 579 2481 τὸνἜρωτα
594 2402 848 2480 κατισχναίνοντι,
866 2403 1006 2463 Φίλιππε.
1036 2410 1066 2463 ln
1081 2408 1112 2463 G.
1128 2409 1182 2463 rir-

62 2492 124 2564 gula
140 2492 343 2563 interpunctum
358 2498 423 2563 post
437 2489 697 2562 κατισχανιΐσθαι,
713 2499 743 2546 ut
757 2484 834 2565 πρὸς
847 2485 971 2575 πέτραις
986 2509 1047 2547 cum
1063 2510 1181 2565 soquen-

63 2576 136 2631 tihus
151 2576 287 2648 iungatur.
588 2577 599 2589 ”
975 2588 982 2602 ·

148 2652 329 2734 πεύαρσύαις
342 2659 401 2713 Par.
418 2657 447 2712 u.
464 2658 544 2713 etsie
558 2659 634 2732 prius
649 2659 675 2712 in
691 2656 725 2712 ll.
742 2657 872 2729 scn'ptum
888 2657 970 2713 luisse
983 2658 1096 2713 videtur.

150 2745 221 2801 273.
253 2743 329 2798 Gaul.
350 2745 375 2799 1.
399 2737 448 2796 καὶ
472 2737 543 2816 μὴν,
569 2742 755 2815 superscripto
777 2757 814 2794 οι.
857 2742 945 2797 Ceteri
967 2741 1026 2796 libri
1048 2734 1102 2796 καί
1118 2759 1181 2814 μοι,

63 2835 173 2902 praeter
199 2826 266 2883 lloh.
293 2835 320 2882 et
340 2827 486 2899 marginem
508 2826 563 2881 ns.
585 2824 836 2899 apudllorellium,
863 2825 1002 2899 inquibus
1018 2833 1061 2881 est
1074 2819 1181 2895 καίτοι,

64 2912 138 2986 quod
151 2921 227 2968 reete
242 2912 346 2984 recepit
359 2910 550 2966 Blomheltlius.

147 2989 320 3071 penelopem?
337 2995 371 3050 ll.
406 2990 450 3069 μὴ
472 2986 598 3072 δύρεσθ’

63 3081 125 3136 edd.
141 3088 207 3135 vett.
235 3071 437 3154 μὴὀδύρισ6’
454 3079 485 3134 G.

150 3166 222 3221 274.
252 3158 336 3220 πέδοι
352 3163 386 3218 ll.
411 3181 425 3218 a
447 3179 528 3218 manu
550 3164 686 3227 secunda,
714 3164 828 3238 aprima
843 3160 935 3219 nelos*
944 3165 1038 3221 hahuit
1052 3173 1082 3220 ut
1097 3166 1180 3222 ceteri

64 3248 167 3311 hhn'et
184 3248 340 3303 Gustatlaius
355 3265 382 3321 p.
393 3250 470 3312 153,
489 3250 538 3306 94.
575 3247 653 3315 Quot
675 3249 788 3304 loannes
804 3250 996 3306 Alexandrinus
1011 3251 1037 3305 in
1053 3252 1181 3316 τονιιιαῖς

65 3328 296 3408 παραγγέλμασι
311 3350 338 3405 p.
357 3335 405 3397 36,
425 3336 452 3389 7.
468 3332 615 3405 praecipit,
632 3326 671 3387 τὰ
687 3326 720 3388 tt
735 3326 795 3389 ἀπὸ
810 3328 990 3411 βαρυτόνων
1003 3329 1180 3412 βαρύνεται,

64 3411 121 3485 ἔξω
137 3410 212 3487 ἵζοι,
227 3411 320 3473 aialon
333 3410 434 3472 πύύοι·
456 3411 561 3472 “πι’ύ“οι
577 3410 611 3471 δὲ
623 3415 739 3487 βᾶσαι”
753 3413 912 3492 Αἰσχύλος
926 3415 1100 3495 Προμηθεῖ
1110 3413 1180 3474 aleo-

11 3570 16 3581 *
64 3494 167 3577 μιύτῃ,
190 3509 252 3557 ante
274 3519 354 3574 quam
374 3502 417 3557 hic
439 3500 545 3556 libellus
567 3500 654 3556 editus
676 3508 718 3557 est
732 3510 826 3557 notum
842 3511 899 3559 erat
914 3520 946 3559 ea
960 3503 1046 3559 schol.
1064 3503 1181 3575 Dionysii

1 3646 2 3652 χ
65 3585 174 3642 l'hracis
190 3587 217 3640 in
233 3585 346 3641 Belleri
360 3586 461 3641 llneed.
477 3604 505 3658 p.
522 3587 593 3643 945.
982 3624 997 3651 -,
1035 3613 1043 3644 i

149 3670 202 3725 Pro
217 3663 311 3743 τύχας
325 3671 405 3725 etiam
418 3663 543 3742 βλάβας
557 3670 611 3742 legi
626 3670 663 3723 ait
678 3669 848 3741 scholiastes.

150 3756 223 3811 275.
253 3748 404 3810 ἀκούσατε
420 3754 450 3809 6.
481 3746 651 3810 dunione-‘t‘
668 3753 740 3825 Lips.
759 3754 786 3809 2.
872 3743 1005 3822 μάθοιτε
1020 3749 1071 3804 Vit.
1085 3758 1112 3804 et
1127 3750 1179 3814 alil.

149 3837 188 3892 lle
204 3839 283 3893 huius
299 3837 424 3911 promissi
440 3838 559 3894 oblivisci
574 3838 695 3892 rideatur
709 3836 896 3899 Prometheus,
913 3837 959 3907 qui
974 3853 997 3888 v.
1016 3835 1085 3891 524.
1102 3852 1179 3909 seqq,

68 3938 96 3976 se
111 3921 199 3976 lutura
215 3923 304 3977 celare
320 3923 448 3986 affirmat,
471 3923 617 3978 tenendum
632 3929 675 3977 est
691 3939 751 3977 eum
767 3920 810 3976 illa
826 3920 852 3975 in
868 3928 958 3976 mente
974 3919 1088 3986 habere,
1111 3937 1179 3999 quac

67 4005 258 4062 deliberatore
274 4024 323 4061 suo
339 4007 460 4063 dicturus
476 4015 527 4063 est.

151 4091 221 4147 276.
252 4085 423 4147 πείθεσθαί
433 4108 496 4163 μοι,
512 4085 659 4146 πείθεσθε
673 4092 703 4145 6.
733 4082 884 4145 πείθισβέ
894 4084 1179 4162 μοι,τιιι’βεσθίἰιαι
1259 4146 1264 4158 ,

5 4159 16 4180 ⁰
68 4172 116 4227 l'it.
133 4181 160 4228 et
175 4175 218 4229 alii
233 4175 321 4247 pauci.
352 4174 493 4231 Elmsleius
509 4176 566 4231 sine
583 4190 679 4230 caussa
694 4169 826 4229 πίθεσθε
836 4190 900 4246 μοι,
912 4170 1044 4230 πύθεσθε
1058 4174 1181 4230 seriben-

68 4256 128 4311 dum
144 4258 265 4330 putabat.
296 4258 326 4314 l'.
342 4259 376 4314 ad
392 4259 476 4332 Soph.
493 4259 532 4315 ΕΙ.
554 4261 642 4317 1663.

63 4382 68 4398 .
150 4336 220 4399 277.
251 4337 396 4399 ταυτάτοι
412 4343 445 4399 11.
461 4343 552 4399 aildito
568 4344 669 4417 primae
684 4342 802 4416 syllabae
814 4360 828 4398 a
840 4357 895 4400 sec.
908 4360 988 4398 manu
998 4342 1179 4398 circumflexo.

3 4459 11 4475 .
68 4419 163 4480 ταῦτά
178 4444 223 4482 τοι
239 4428 290 4483 Vit.
307 4406 380 4501 hiyfs.
392 4421 417 4485 1'.
427 4419 454 4485 2.
470 4431 538 4502 hug.
555 4429 652 4503 aliique
668 4427 777 4484 codices
792 4436 820 4483 et
834 4428 915 4485 Turta.
945 4420 1044 4484 ταυτά
1059 4421 1179 4503 aoajllld.

68 4507 134 4563 llob.
150 4510 216 4567 vict.
253 4513 353 4568 ταῦτα
372 4529 424 4585 μοι
440 4514 470 4569 6.
508 4506 606 4570 murti
626 4529 678 4586 μοι
701 4520 829 4588 quattuor
843 4512 1075 4569 vindobonenses.
1109 4510 1181 4565 Vnus

615 2998 682 3067 hug.
721 2987 765 3069 μὴ
784 2986 923 3073 ’δύρεσθ’
941 2995 992 3051 Vit.
1015 2995 1088 3068 Lips.
1110 2997 1134 3052 1.
1151 2996 1179 3053 2.
