2640 5078
422 192 423 198 1
492 110 536 162 Ab
554 111 744 165 svrrttcus.
1010 153 1012 159 ,
1136 110 1176 172 39

60 266 150 339 posito
166 261 265 319 itinere
281 262 452 319 delleetebat
485 266 608 334 Quidam
621 269 791 340 ιἰιισρίοἰδιιι
803 269 960 341 falluntur,
976 274 1177 345 quaemtm-
1223 312 1238 336 0

59 352 181 406 aientem
192 348 302 404 diacon
315 349 360 403 orl
372 347 494 405 Orestem
505 360 651 422 postorum
664 353 781 424 [obulos
793 354 889 424 serunt
904 353 998 409 Celsus
1013 355 1042 410 t.
1054 357 1096 413 lV.
1113 375 1137 412 c.
1147 359 1175 417 8.

59 427 168 500 Δόξας
182 439 262 486 vocat
277 430 427 522 descbylos
443 431 564 504 Choepb.
581 436 669 491 1044.
683 451 750 507 quas
766 452 781 490 a
796 436 893 491 monde
908 436 1068 495 alienatione
1084 440 1177 498 seiun-

59 526 118 572 ctos
134 532 197 572 esse
213 531 297 586 posse
311 513 354 569 vel
368 531 400 569 ex
415 514 477 570 Eur.
487 515 544 571 llel.
555 517 624 574 583.
639 502 659 592 ἦ
675 511 733 595 γάρ
749 519 854 595 φρονῶ
867 513 924 590 μὲν
938 504 980 590 εὖ,
995 514 1030 577 τδ
1045 515 1073 576 δ’
1090 514 1177 596 όμμα

58 617 121 672 μου
136 600 224 653 νοσεῖ
233 598 414 670 intelligitur?
442 598 511 654 Abbi
526 600 594 656 baec
610 593 761 677 φάσματα
776 601 911 665 dicuntur,
922 611 953 658 ut
964 604 990 658 in
1001 607 1095 676 lpum.
1105 609 1174 664 397.

58 678 173 760 φάσμα
189 674 269 748 δόξει
286 675 391 752 δόμων
405 673 556 737 άνάσσειν.
582 682 626 739 Sic
640 678 791 759 φάσματα
806 685 839 740 de
855 688 966 741 somniis
981 689 1089 760 saepius
1104 690 1176 762 opud

60 766 227 839 Euripidem,
243 773 271 819 et
286 757 495 841 φαντάσματα
509 766 542 820 de
559 765 659 822 umbris
674 776 852 832 mortuorum,
867 769 936 825 utin
948 770 1174 830 Hecubabl.95.
1284 771 1289 787 ’

61 854 133 909 300.
148 865 181 905 ac
197 849 232 904 de
246 848 309 903 visis
324 864 374 920 per
388 849 526 911 insanam,
543 858 574 904 ut
588 850 615 904 in
626 851 800 908 Oresteld'l.
813 846 1042 928 φαντασμάτων
1056 849 1175 911 δὲτάδε

60 935 158 999 νοσεῖς
180 926 277 987 ποίεον
296 921 375 1000 bun·
404 932 497 987 Furias
512 934 583 988 euim
599 950 710 989 cernere
726 932 777 990 sibi
791 935 863 990 visus
879 943 950 999 erat,
972 945 1002 991 ut
1017 936 1043 991 in
1058 937 1090 993 iis
1106 954 1176 1011 quae

60 1037 84 1073 v.
102 1016 281 1083 255-270.
297 1014 371 1070 dicit.
400 1008 506 1081 Δίκας
521 1016 584 1071 tuit
598 1018 746 1090 Aeschylus
761 1018 788 1072 in
803 1021 896 1099 Agam.
909 1020 980 1076 402.
997 1011 1176 1099 ὀνειρόφαν-

59 1118 107 1157 τοι
124 1094 158 1155 dd
172 1092 365 1172 πενθήμονες
378 1092 517 1174 πάρεισιν
531 1092 618 1155 δόκαι
634 1094 782 1176 φίροοσαι
793 1095 886 1176 χάριν
898 1097 1044 1174 ματαίαν.

148 1185 221 1239 155.
251 1181 322 1237 Libri
341 1175 535 1258 μελανόχριος
555 1177 589 1238 δὲ
609 1177 755 1239 πάλλεται
768 1202 829 1255 μου
850 1180 970 1261 καρδία.
1000 1186 1072 1243 llaec
1083 1187 1175 1251 bonos

61 1267 205 1324 doebmios
220 1264 367 1338 praebent,
384 1266 407 1319 si
421 1281 492 1336 μου,
509 1266 582 1338 quod
597 1266 725 1322 inutiliter
739 1267 858 1323 additum
874 1276 924 1333 est,
941 1269 1055 1325 deletur.
1088 1270 1175 1338 Quum

60 1354 87 1407 in
109 1351 223 1422 stropba
239 1349 362 1410 trimeter
375 1349 504 1405 iambicus
520 1347 570 1413 sit,
593 1358 667 1405 recte
683 1349 869 1407 Lachmannus
883 1346 1091 1426 κελαινόχριος.
1121 1354 1176 1411 Sed

60 1452 122 1508 μου
144 1435 226 1490 etiarn
250 1434 400 1511 trimetrum
424 1432 489 1488 iacit
504 1441 556 1488 tam
574 1440 695 1505 turpem,
717 1443 749 1489 ut
763 1434 894 1490 eiusmodi
909 1453 1003 1491 versus
1019 1453 1072 1492 non
1088 1437 1177 1508 possit

61 1520 94 1575 ab
110 1517 246 1590 Aeschylo
262 1515 400 1589 profectus
415 1517 512 1588 putari.
548 1517 640 1589 Neque
662 1534 725 1573 vero
741 1525 784 1573 est
799 1519 871 1590 quod
886 1527 948 1591 opte
963 1521 989 1574 in
1004 1519 1095 1575 locum
1109 1537 1176 1592 pro-

61 1602 178 1659 nominis
193 1600 342 1656 succedere
358 1600 454 1672 possit.
486 1599 574 1667 Quare
585 1609 636 1655 out
650 1601 785 1673 putandus
800 1603 954 1658 eritversus
967 1602 1095 1658 extribus
1107 1603 1175 1658 iam-

62 1686 104 1741 bis
120 1694 148 1741 ct
162 1684 289 1740 dochmio
305 1691 440 1746 constare,
454 1691 484 1738 ut
499 1683 525 1738 in
541 1684 681 1756 stropbico
697 1684 868 1740 scribendum
878 1687 913 1740 sit
923 1680 956 1741 τί
967 1679 1159 1759 πεισόμεσθα
1165 1703 1176 1756 ,·

63 1771 120 1824 σοι’
129 1761 218 1846 φάγω
233 1760 266 1822 d'
278 1760 394 1837 Ἀπίας,
410 1775 466 1831 aut,
482 1767 504 1821 si
519 1783 613 1822 versus
628 1775 670 1822 est
684 1768 806 1823 trimeter
820 1756 965 1833 iambicus,
982 1771 1032 1825 alia
1048 1786 1117 1841 opus
1133 1776 1176 1825 est

64 1853 260 1909 emendatione.
291 1851 349 1906 lloc
365 1850 476 1906 iudicavi
491 1851 546 1905 veri
561 1851 688 1914 similius,
706 1852 756 1905 etsi
773 1851 933 1908 scholiastes
948 1853 1092 1925 adscripsit
1107 1844 1174 1908 άντί

63 1928 280 2013 τεταραγμένη.
308 1925 327 2008 ἡ
348 1927 511 2010 μεταφορὰ
533 1927 594 1989 ἀπὸ
608 1935 663 2008 τῆς
677 1917 854 2005 θαλάσσης,
875 1924 942 2006 ἥτις
956 1930 987 1989 ἓν
1000 1937 1044 2011 τῷ
1058 1929 1175 2010 ταράσ-

62 2019 174 2076 σεσθαι
188 2012 370 2091 μελαίνεται.
399 2020 437 2072 Ac
453 2018 517 2073 dixit
531 2034 596 2072 sane
610 2016 760 2088 Aeschylus
773 2011 961 2089 μελαγχίτων
975 2011 1057 2092 φρήν
1070 2018 1097 2070 in
1110 2017 1176 2073 Per-

64 2105 100 2159 sis
119 2105 188 2161 113.
204 2110 232 2158 et
253 2095 410 2175 σπλάγχνα
431 2095 468 2156 δέ
483 2117 537 2173 μοι
560 2097 748 2154 κελαινοῦται
763 2098 790 2153 iu
806 2098 927 2170 Choepb.
944 2100 1015 2156 408.
1052 2099 1106 2154 Sed
1121 2115 1175 2154 nou

64 2189 151 2243 minus
166 2187 192 2241 ei
208 2186 334 2240 usitatum
350 2192 393 2240 cst
406 2177 467 2260 πρὸ
481 2177 619 2260 καρδίας.
649 2181 727 2250 Quod
742 2182 765 2235 si
780 2189 854 2236 recte
870 2174 944 2256 νόοιρ
960 2181 1038 2253 posui
1053 2181 1079 2235 in
1095 2198 1176 2253 prae-

65 2271 178 2327 cedente
193 2285 282 2332 verso,
292 2268 375 2324 'facile
390 2268 502 2340 intelligi
517 2267 626 2339 poterit,
643 2283 697 2338 quo
712 2264 793 2320 modo
807 2257 1002 2342 μελανόχρως
1016 2257 1050 2319 δὲ
1064 2257 1175 2318 πάλλε-

64 2350 117 2410 ταί
127 2371 189 2426 μου
205 2346 318 2429 καρδία
332 2351 504 2407 scribeudum
526 2367 587 2406 esse
607 2349 760 2422 putaverint
773 2347 888 2410 bbrarii,
911 2348 1025 2420 quinon
1041 2347 1176 2420 intellige-

65 2448 124 2493 rent
140 2437 205 2510 quid
220 2444 294 2492 esset
308 2427 510 2512 κελαινόχρων
524 2428 557 2489 δὲ
571 2427 716 2489 πάλλεται
731 2426 790 2506 πρὸ
806 2426 943 2509 καρδίας,
957 2430 990 2486 de
1002 2439 1111 2503 spectro
1122 2432 1175 2487 isto

64 2536 200 2594 praecone
215 2520 325 2574 dictum.
355 2518 385 2573 ln
400 2522 493 2590 egam.
510 2519 578 2575 106.
594 2509 692 2586 στάζει
708 2511 739 2572 ίν
751 2507 836 2594 άπνφ
851 2509 910 2591 πρὸ
925 2509 1054 2591 καρδίας
1065 2531 1176 2588 μνησι-

65 2599 175 2678 πήμων
195 2595 295 2668 πόνος.
326 2604 398 2659 043.
421 2597 513 2673 δεῖμα
533 2594 758 2677 προστατήριον
772 2593 900 2676 καρδίας
914 2592 1103 2676 τερασκόπου
1118 2614 1176 2652 πο-

65 2689 163 2750 τᾶται.
194 2677 532 2760 011οερ11.385.φρενδς
552 2672 616 2755 οἷον
637 2676 734 2755 ἴμπιις
752 2684 883 2737 ποτᾶται
904 2676 1036 2760 πάροιθε
1051 2673 1177 2759 πρῴρας

67 2762 293 2846 δριμαστάκτοο
309 2762 438 2845 κραδίας
451 2762 594 2839 θύματος
608 2760 729 2840 ἔγκοτον
743 2759 861 2839 στύγος.

109 2867 113 2871 ’
152 2854 222 2909 756.
253 2867 463 2927 πατροσκοπαι
485 2844 862 2924 δὲ(δέ1].)γμειλον11.11.
901 2838 1019 2921 πατρὸς
1039 2838 1122 2902 κόπω
1143 2838 1177 2899 δὲ

66 2931 170 3009 μείλον
185 2936 215 2990 (l.
246 2928 362 3009 πατρὸς
376 2927 475 2988 xoium
492 2927 525 2987 di
538 2925 569 3004 μ’
587 2922 666 2987 είλον
680 2931 748 2986 llob.
778 2930 925 2985 Emendate
940 2929 1084 2983 Victorius.

152 3020 223 3076 758.
253 3010 420 3092 σαργάναις
434 3016 493 3070 libri
509 3023 617 3088 praeter
632 3015 659 3069 P.
677 3015 723 3085 qui
738 3006 884 3087 άρτάναις
898 3010 1019 3081 praebet.
1043 3036 1046 3040 ·
1073 3055 1080 3066 .

152 3103 222 3158 159.
239 3093 331 3155 ’τῶδ’
349 3095 525 3174 ἐχριμφθῆν
548 3100 638 3173 χροῖν
658 3091 692 3150 bl.
737 3086 814 3170 τῷδ’
832 3088 1057 3166 ἓγχριμφδῆναι
1073 3089 1178 3161 χεροῖν

68 3186 97 3240 G.
113 3184 181 3240 llob.
211 3175 288 3261 τῷδ’
307 3178 532 3258 ίγχριγιφδῆναι
549 3177 625 3257 χροΐ
636 3180 666 3234 E.
702 3171 780 3256 τῷδε
796 3170 993 3248 χριμφθῆναι
1014 3170 1112 3224 omissa
1134 3171 1178 3225 ul-

68 3269 128 3323 tima
144 3284 211 3323 voce
227 3268 256 3321 P.

153 3352 224 3407 760.
252 3340 411 3412 ’δάιδαςδλ
443 3341 553 3411 δαίδας
564 3346 594 3400 0.
626 3337 846 3422 deducibilob.
876 3335 1022 3391 Emendate
1034 3334 1176 3390 Victorius.

154 3434 226 3489 tot.
256 3424 333 3507 πρὸς
357 3422 391 3485 ὃν
413 3424 488 3506 νέφη
514 3422 545 3482 δ’
562 3420 682 3502 δδρηλδ
706 3418 831 3497 γείνεται
856 3414 978 3493 (γίνεται
999 3411 1180 3490 1101).)χιών

68 3515 153 3587 ίχιων
168 3515 216 3587 11.)
238 3514 271 3568 11.
294 3515 325 3570 G.
342 3514 371 3569 Ε.
389 3513 455 3568 llob.
495 3503 674 3584 δι’δδρηλδ
697 3508 777 3562 Turn.
816 3496 984 3580 111ιιι1νίφη
1012 3493 1179 3574 δ’δδρηλά

70 3599 306 3670 quum-Porsenus
321 3597 349 3652 in
363 3596 530 3668 praelatione
545 3592 671 3649 Hecubae
686 3608 714 3662 p.
731 3589 772 3644 lx.
789 3587 941 3660 probasset,
957 3586 984 3640 in
1000 3585 1051 3640 line
1067 3583 1179 3656 supple-

68 3682 161 3745 menti,
178 3698 212 3736 ne
228 3696 258 3734 se
273 3696 379 3735 errasse
395 3679 579 3739 confiteretur,
596 3676 623 3729 in
638 3674 704 3728 alios
720 3672 856 3744 graviores
867 3685 974 3725 errores
985 3667 1086 3729 incidit,
1098 3664 1177 3726 ullu,

70 3781 152 3835 quum
174 3763 235 3835 quis
257 3762 308 3818 sibi
330 3762 421 3834 potius
441 3758 637 3817 consulendum
659 3755 799 3810 existimet.
830 3753 896 3809 b'aiu
917 3768 1000 3824 quum
1015 3748 1087 3804 istud
1101 3762 1178 3802 sirum

68 3846 196 3904 iudicium
217 3846 286 3902 male
311 3845 490 3907 defendisset,
517 3843 609 3898 videns
625 3840 683 3912 ipse
699 3838 805 3894 delendi
820 3854 875 3895 uon
889 3851 971 3908 posse
986 3832 1019 3889 ad
1035 3843 1179 3903 panaceam
