2640 5078
493 740 537 829 sn
556 776 744 831 svennccs.
1133 773 1173 834 211
1244 797 1246 800 ·

1 922 11 949 ’“
60 925 201 1009 ριλήσῃς,
224 931 359 1004 adscripta
374 931 408 987 ad
423 932 450 987 id
465 934 539 1004 quod
553 942 661 1006 poetam
677 933 797 990 scribere
812 934 965 1007 oportebat,
980 929 1024 1011 μὴ
1039 931 1175 1016 οτίρξῃς.

0 1036 5 1054 ²
60 1017 143 1090 ldquc
158 1015 238 1070 ctiam
253 1024 341 1071 metro
357 1016 559 1088 comprobatur.

145 1100 216 1158 785.
245 1098 318 1154 Libri
340 1093 496 1174 αι’γάπτιον
514 1089 614 1177 ὕβριν.
653 1100 757 1173 Scripsi
776 1093 965 1175 Αἰγύπτειον
983 1091 1066 1180 ῧβρι.
1108 1105 1175 1160 llirit

1 1199 11 1231 5
58 1173 149 1260 ὕβριν
169 1173 263 1259 ἄντρα
279 1183 418 1256 ¹Hesiodus
434 1184 465 1240 0.
482 1191 510 1240 et
525 1184 555 1238 ll.
577 1185 643 1242 189.
686 1184 749 1239 llius
769 1184 892 1240 adiectivi
913 1194 1038 1241 neutrum
1059 1188 1102 1242 hic
1124 1205 1176 1260 po-

0 1290 8 1312 :
59 1269 112 1323 suit
126 1266 286 1339 Aeschylus.
667 1294 668 1297 ¹

18 1371 30 1427 Ἴ·
146 1351 215 1407 786.
245 1349 318 1405 Libri
333 1343 499 1427 δύσφορον.
535 1349 637 1423 Scripsi
659 1343 832 1421 δάςοιστον,
854 1353 930 1408 euius
946 1353 1133 1427 interpretatio
1149 1355 1175 1409 in

0 1382 12 1535 Ξ
59 1441 234 1576 ιιιῑαιρὸοιιῑ
247 1434 329 1572 illum,
346 1441 374 1489 et
389 1434 477 1572 agdidi
492 1427 531 1504 οἵ,
547 1434 620 1507 quod
636 1442 664 1491 et
679 1436 813 1491 sententia
829 1444 857 1490 et
869 1444 984 1493 metrum
994 1436 1132 1493 iubchant.
1155 1423 1161 1434 '
1190 1436 1191 1439 ’

189 1521 216 1573 7.
267 1511 304 1572 ιώ
329 1535 388 1573 ενοι
427 1558 434 1572 .

146 1603 215 1659 789.
247 1537 379 1676 detritae
395 1601 429 1657 ll.
447 1602 477 1657 0.
508 1595 642 1675 δίζηνται
657 1600 725 1657 1101).

146 1687 216 1742 791.
246 1679 372 1740 nidores
392 1679 532 1742 σίθενΜ.
573 1678 851 1742 πιδάνιυσίθενῦ.
892 1679 925 1742 τί
943 1677 1065 1744 ιλόάνευ
1085 1681 1177 1745 oddar

58 1767 127 1824 ltoh.
146 1769 192 1841 qui
205 1785 239 1846 er
254 1768 349 1824 codice
365 1785 414 1824 suo
430 1763 458 1824 ri
475 1761 507 1823 d’
525 1760 564 1824 άν
578 1763 721 1825 νεοοίθεν
735 1769 855 1825 adnotat.

146 1853 216 1909 792.
247 1850 318 1908 libri
333 1850 470 1918 θνατοῖς.

146 1927 520 1993 799.1.11πίόόόάάά.
755 2000 758 2003 ¹
872 1979 874 1984 ,

145 2021 215 2076 794.
245 2018 317 2074 Lihn'
341 2009 392 2074 ὅδε
416 2012 534 2096 μάρπις
558 2011 643 2084 νάίος
667 2011 761 2093 γάίος.
801 2019 942 2076 Turnebus
962 2014 1105 2096 μάρπτις.
1143 2024 1175 2080 111

57 2110 184 2175 apertum
199 2094 272 2158 estd
290 2095 373 2167 νάϊος
387 2102 421 2157 ah
436 2102 570 2175 Aeschylo
586 2103 717 2176 scriptum
732 2103 824 2168 luisse,
842 2105 881 2160 sic
897 2106 976 2160 etiam
992 2096 1044 2162 ὅδε
1060 2106 1175 2162 demon-

56 2187 214 2249 strativum,
241 2203 295 2259 quo
321 2186 488 2259 significetur
508 2205 542 2242 en
563 2189 656 2251 adest,
683 2187 826 2242 dcendum
841 2197 916 2244 esset
930 2179 981 2244 ὅδ’
999 2181 1015 2245 ὁ
1031 2183 1175 2268 μάρπτις.

57 2269 112 2325 800
129 2278 185 2325 turn
201 2270 255 2325 duo
267 2271 338 2326 dicta
349 2270 393 2326 hic
408 2287 502 2326 versus
514 2271 674 2335 contineret,
687 2261 738 2325 ὅδ’
753 2263 769 2327 δ
784 2264 933 2349 μάρπτις·
949 2264 965 2329 ὁ
981 2266 1065 2340 νάϊος
1080 2269 1175 2350 γάϊος.

56 2353 87 2408 ld
102 2370 167 2409 vero
183 2354 374 2409 inconcinnum
390 2361 441 2410 est.
473 2353 561 2421 Quare
578 2354 654 2410 divisi
669 2346 686 2412 d
702 2349 744 2411 dt.

146 2438 215 2495 ros.
245 2438 340 2493 Addidi
354 2429 399 2511 ἦέ,
413 2429 457 2511 st.

145 2523 216 2578 796.
246 2514 421 2661 πράμαρπτι
437 2520 472 2575 ll.
488 2520 519 2576 0.
536 2520 604 2576 1101).
634 2513 788 2597 πράμαρτι
804 2520 835 2575 E.
866 2521 969 2576 luserui
984 2517 1032 2577 σά.

145 2606 216 2661 797.
234 2606 304 2663 798.
335 2599 388 2682 tp
409 2594 451 2678 lips
473 2589 549 2659 αὖθι
571 2597 686 2669 κάκκας
706 2622 741 2658 νυ
763 2598 950 2675 001ονβοον
971 2597 1117 2682 ἀμφαίνω
1138 2607 1172 2662 11.
1240 2603 1242 2605 ’

16 2659 20 2747 l
58 2686 127 2746 1101).
159 2687 261 2743 llodem
282 2688 364 2743 modo
380 2689 410 2743 G.
426 2696 616 2760 praeterquam
633 2685 706 2758 quod
721 2681 859 2762 ἔμφαίναι
875 2686 999 2742 habetet
1014 2704 1047 2742 νο
1063 2706 1094 2744 ex
1110 2706 1174 2745 cor-

58 2772 189 2827 rectione.
220 2766 284 2849 top,
300 2762 378 2844 ὄμοιι
394 2758 469 2827 αὖθι
485 2765 600 2835 κάκκας
614 2789 649 2824 νυ
665 2785 696 2824 ex
708 2768 737 2823 8.
749 2769 915 2825 adnotatum.
945 2770 1108 2827 Perridicule
1121 2765 1174 2849 s'dp

19 2890 20 2908 ι
59 2845 98 2926 dp
122 2871 174 2927 pro
196 2854 427 2911 interiectionibus
448 2854 539 2911 hahita
560 2862 632 2909 sunt.
675 2851 703 2907 Si
724 2851 757 2907 ad
778 2859 926 2908 metrorum
942 2855 1073 2911 rationem
1089 2857 1174 2930 critici

18 2946 19 2950 ’
59 2939 246 3004 attendissent,
263 2939 405 3003 vidissent,
428 2946 458 2994 ut
472 2940 499 2994 in
515 2937 711 3010 antistrophico
726 2952 806 2991 versu
821 2944 865 2991 est
877 2929 1121 3015 βλοσυρόφρονι,
1137 2939 1173 2995 ita

17 3082 18 3087 .
60 3022 101 3078 hic
118 3040 227 3095 quoque
242 3023 328 3081 simile
343 3040 441 3078 nomen
456 3022 557 3080 lectum
573 3039 643 3080 esse.
675 3020 775 3077 Deinde
788 3019 862 3093 quod
872 3020 899 3076 iu
910 3019 985 3076 libris
997 3029 1040 3077 est
1051 3015 1174 3093 κάκκας,

60 3123 141 3178 quum
162 3107 325 3162 scholiastes
345 3099 531 3178 καταβάσεις
544 3106 754 3180 interpretetur,
776 3112 852 3178 patet
867 3121 928 3160 eum
943 3099 1119 3178 καββάοιας
1132 3107 1175 3164 le-

58 3191 130 3262 gisse
152 3190 333 3262 habuisseque
354 3207 405 3263 pro
426 3190 589 3246 accusativo.
624 3193 659 3246 At
680 3197 723 3246 est
737 3189 879 3263 genitivus.
909 3189 978 3245 Puto
993 3207 1036 3246 me
1052 3200 1126 3247 recte
1142 3209 1174 3247 ex

58 3274 176 3351 vestigiis
192 3282 382 3348 corruptorum
398 3273 541 3330 verborum
555 3275 623 3331 haec
639 3275 752 3337 eruisse,
768 3266 937 3351 ὁσιόφρονα
951 3267 1037 3330 λάοιν
1051 3273 1174 3348 καββα-

59 3353 126 3424 σίας
140 3350 276 3413 ὀλωλυῖα
289 3350 397 3430 βόαμα
412 3351 522 3436 φαίνω,
535 3359 614 3431 piam
627 3361 791 3416 solutionem
805 3360 990 3416 desponsionis
1006 3359 1052 3428 (ad
1067 3365 1182 3430 naveml

54 3445 169 3513 perdita
184 3444 304 3515 imploro
319 3445 475 3500 clamitans.
504 3435 714 3513 Καταβαίνειν
734 3443 873 3515 proprium
894 3441 1006 3497 verbum
1028 3451 1070 3498 est
1092 3443 1125 3498 de
1141 3443 1173 3498 iis

2 3561 4 3590 ;
59 3524 101 3595 qui
116 3524 151 3579 ad
166 3541 260 3580 navem
277 3542 291 3580 e
307 3525 387 3581 litore
403 3524 579 3580 descendunt.
610 3525 713 3597 Vbiquc
728 3517 845 3596 ὄλωλα,
867 3533 898 3580 ut
913 3525 984 3599 apud
998 3527 1109 3581 Latinos
1122 3545 1173 3599 pe·

57 3611 103 3671 rit,
118 3609 226 3671 interit,
242 3610 347 3672 occidi,
363 3609 391 3664 in
405 3625 503 3681 magno
518 3609 639 3681 periculo
656 3608 707 3664 dici
722 3609 831 3672 solitum
847 3616 903 3663 est:
926 3624 987 3663 raro
1002 3609 1172 3681 participium

58 3689 90 3745 de
111 3691 221 3746 homine
243 3691 300 3746 vivo
322 3692 430 3746 dicitur.
471 3691 526 3747 Sed
547 3693 583 3748 itu
604 3683 677 3764 apud
692 3690 855 3763 Sophoclem
870 3691 959 3761 hutig.
981 3691 1120 3747 1288.οο
1142 3708 1172 3746 se

58 3772 161 3837 Creon,
180 3768 261 3844 αίαῖ,
280 3766 404 3831 ὀλωλότ’
422 3765 506 3852 ἄνδρ’
524 3767 732 3849 ῖπεξειργάοω.
762 3773 887 3828 Ceterum
903 3773 1003 3828 chorus
1017 3773 1088 3844 piam
1103 3772 1174 3830 libe-

56 3857 188 3912 rationem
204 3856 279 3920 dicit,
296 3875 365 3930 quae
381 3866 536 3914 revereatur
550 3859 720 3914 sanctitatem
736 3854 953 3928 supplicantium.

107 3993 114 4000 ,
144 3942 215 3997 799.
247 3934 471 4017 Geminavidpci.
1052 3982 1054 3986 -

141 4025 213 4080 800.
244 4016 317 4079 τάδε
340 4020 471 4102 φροίμια
490 4017 611 4101 πράξαν
624 4014 725 4078 πόνων
737 4014 848 4093 βιαίων
863 4014 944 4093 ἱμῶν
958 4021 992 4076 Μ.
1009 4022 1040 4078 0.
1056 4021 1086 4078 E.
1103 4022 1171 4080 lloh.
1237 4047 1239 4050 ·

56 4098 202 4183 πράπραξ
217 4123 249 4161 er
264 4107 293 4162 P.
310 4109 388 4163 allert
403 4108 537 4163 Butlorus.
573 4107 631 4161 Non
647 4115 691 4161 est
705 4105 834 4161 credibile
849 4105 876 4160 in
892 4112 966 4162 tanto
982 4115 1100 4163 metuet
1116 4115 1172 4163 ter-

55 4204 117 4244 rore
131 4189 295 4263 Aeschylum
317 4191 381 4246 illud
402 4185 523 4268 πράξαν
544 4191 684 4262 posuisse,
706 4189 755 4244 sed
770 4188 874 4244 videtur
888 4189 1022 4263 interpres
1039 4184 1173 4268 ἔπραξαν
1280 4201 1285 4217 “

55 4270 242 4344 adscripsisse.
273 4273 366 4346 ltaque
382 4291 416 4330 eo
431 4274 519 4330 eiecto
533 4274 627 4329 leviter
641 4273 740 4328 mutavi
751 4273 871 4330 ordinem
881 4273 1024 4330 verborum
1036 4275 1069 4330 ad
1081 4292 1172 4331 exem-

55 4353 128 4425 plum
143 4372 237 4411 versus
253 4357 393 4429 strophici.
928 4352 929 4355 ’

141 4439 212 4496 801.
241 4431 279 4512 ἠί
289 4431 328 4513 ἢί
339 4441 373 4495 Μ.
389 4440 420 4496 0.
437 4439 467 4494 E.
498 4432 644 4495 ttttnon.

142 4521 214 4579 803.
232 4524 301 4580 804.
331 4515 570 4600 βλοσυρόφρονα
585 4516 691 4594 phadoh
711 4518 813 4604 (χλιδᾷ
829 4522 859 4578 0.
875 4521 956 4595 1101).)
983 4514 1178 4597 δοςιροραναῒ
