<?xml version="1.0" encoding="UTF-8"?>
<!DOCTYPE html PUBLIC "-//W3C//DTD XHTML 1.0 Transitional//EN"
    "http://www.w3.org/TR/xhtml1/DTD/xhtml1-transitional.dtd">
<html xmlns="http://www.w3.org/1999/xhtml" xml:lang="en" lang="en">
 <head>
  <title>
</title>
<meta http-equiv="Content-Type" content="text/html;charset=utf-8" />
  <meta name='ocr-system' content='tesseract 3.04.00' />
  <meta name='ocr-capabilities' content='ocr_page ocr_carea ocr_par ocr_line ocrx_word'/>
</head>
<body>
  <div class='ocr_page' id='page_1' title='image "aeschylitragoed00hermgoog_0107.png"; bbox 0 0 2654 5018; ppageno 0'>
   <div class='ocr_carea' id='block_1_1' title="bbox 343 1 1112 1657">
    <p class='ocr_par' dir='ltr' id='par_1_1' title="bbox 369 1 1069 56">
     <span class='ocr_line' id='line_1_1' title="bbox 905 1 1069 56; baseline -0.004 -17.297"><span class='ocrx_word' id='word_1_1' title='bbox 905 1 971 56; x_wconf 89' lang='lat' dir='ltr'>quo</span> <span class='ocrx_word' id='word_1_2' title='bbox 994 2 1069 39; x_wconf 92' lang='lat' dir='ltr'>nom</span> 
     </span>
    </p>

    <p class='ocr_par' dir='ltr' id='par_1_2' title="bbox 345 63 1086 562">
     <span class='ocr_line' id='line_1_2' title="bbox 346 63 1054 142; baseline -0.004 -16"><span class='ocrx_word' id='word_1_3' title='bbox 346 79 373 126; x_wconf 91' lang='lat' dir='ltr'>et</span> <span class='ocrx_word' id='word_1_4' title='bbox 388 63 481 124; x_wconf 69' lang='lat' dir='ltr'>uim</span> <span class='ocrx_word' id='word_1_5' title='bbox 495 69 577 125; x_wconf 86' lang='lat' dir='ltr'>habet</span> <span class='ocrx_word' id='word_1_6' title='bbox 592 70 731 142; x_wconf 79' lang='lat' dir='ltr'>originem,</span> <span class='ocrx_word' id='word_1_7' title='bbox 748 78 887 142; x_wconf 87' lang='lat' dir='ltr'>recteque,</span> <span class='ocrx_word' id='word_1_8' title='bbox 903 77 933 123; x_wconf 94' lang='lat' dir='ltr'>ut</span> <span class='ocrx_word' id='word_1_9' title='bbox 949 70 1054 141; x_wconf 83' lang='lat' dir='ltr'>opinor,</span> 
     </span>
     <span class='ocr_line' id='line_1_3' title="bbox 346 147 1072 226; baseline -0.001 -17"><span class='ocrx_word' id='word_1_10' title='bbox 346 154 500 209; x_wconf 78' lang='lat' dir='ltr'><strong>Callimachi</strong></span> <span class='ocrx_word' id='word_1_11' title='bbox 521 172 548 226; x_wconf 87' lang='lat' dir='ltr'>p.</span> <span class='ocrx_word' id='word_1_12' title='bbox 565 155 636 211; x_wconf 77' lang='lat'><strong>282.</strong></span> <span class='ocrx_word' id='word_1_13' title='bbox 659 154 739 208; x_wconf 86' lang='lat' dir='ltr'>etiam</span> <span class='ocrx_word' id='word_1_14' title='bbox 762 147 874 223; x_wconf 68' lang='grc' dir='ltr'>ὶλλετε,</span> <span class='ocrx_word' id='word_1_15' title='bbox 899 154 972 225; x_wconf 91' lang='lat' dir='ltr'>quod</span> <span class='ocrx_word' id='word_1_16' title='bbox 991 155 1017 208; x_wconf 89' lang='lat' dir='ltr'>in</span> <span class='ocrx_word' id='word_1_17' title='bbox 1039 153 1072 208; x_wconf 79' lang='lat' dir='ltr'>ir.</span> 
     </span>
     <span class='ocr_line' id='line_1_4' title="bbox 346 237 1083 310; baseline -0.001 -17"><span class='ocrx_word' id='word_1_18' title='bbox 346 238 454 293; x_wconf 73' lang='lat' dir='ltr'>tradidit</span> <span class='ocrx_word' id='word_1_19' title='bbox 469 237 624 292; x_wconf 80' lang='lat' dir='ltr'>Eustothius</span> <span class='ocrx_word' id='word_1_20' title='bbox 640 255 667 310; x_wconf 91' lang='lat' dir='ltr'>p.</span> <span class='ocrx_word' id='word_1_21' title='bbox 685 238 755 301; x_wconf 87' lang='grc'><strong>756,</strong></span> <span class='ocrx_word' id='word_1_22' title='bbox 774 240 823 295; x_wconf 79' lang='grc'><strong>37.</strong></span> <span class='ocrx_word' id='word_1_23' title='bbox 847 255 902 292; x_wconf 89' lang='lat' dir='ltr'>non</span> <span class='ocrx_word' id='word_1_24' title='bbox 927 237 971 292; x_wconf 89' lang='lat' dir='ltr'>iile</span> <span class='ocrx_word' id='word_1_25' title='bbox 999 246 1083 293; x_wconf 70' lang='lat' dir='ltr'>umet</span> 
     </span>
     <span class='ocr_line' id='line_1_5' title="bbox 346 321 1086 386; baseline 0 -10"><span class='ocrx_word' id='word_1_26' title='bbox 346 321 564 377; x_wconf 83' lang='lat' dir='ltr'>Hemsterhusius</span> <span class='ocrx_word' id='word_1_27' title='bbox 580 322 612 380; x_wconf 94' lang='lat' dir='ltr'>ad</span> <span class='ocrx_word' id='word_1_28' title='bbox 629 321 661 376; x_wconf 81' lang='lat' dir='ltr'>[r.</span> <span class='ocrx_word' id='word_1_29' title='bbox 683 323 749 378; x_wconf 83' lang='lat'>121.</span> <span class='ocrx_word' id='word_1_30' title='bbox 766 323 811 386; x_wconf 85' lang='lat' dir='ltr'>ait,</span> <span class='ocrx_word' id='word_1_31' title='bbox 829 339 860 377; x_wconf 84' lang='lat' dir='ltr'>ea</span> <span class='ocrx_word' id='word_1_32' title='bbox 876 321 970 377; x_wconf 87' lang='lat' dir='ltr'>eadem</span> <span class='ocrx_word' id='word_1_33' title='bbox 986 321 1086 377; x_wconf 45' lang='lat' dir='ltr'>radice¹</span> 
     </span>
     <span class='ocr_line' id='line_1_6' title="bbox 345 405 1075 479; baseline 0.003 -20"><span class='ocrx_word' id='word_1_34' title='bbox 345 406 387 460; x_wconf 83' lang='lat' dir='ltr'>iiis</span> <span class='ocrx_word' id='word_1_35' title='bbox 414 422 482 478; x_wconf 85' lang='lat' dir='ltr'>quae</span> <span class='ocrx_word' id='word_1_36' title='bbox 508 405 639 479; x_wconf 79' lang='lat' dir='ltr'>disputavi</span> <span class='ocrx_word' id='word_1_37' title='bbox 666 406 806 479; x_wconf 77' lang='lat' dir='ltr'>apparebit</span> <span class='ocrx_word' id='word_1_38' title='bbox 829 424 879 463; x_wconf 88' lang='lat' dir='ltr'>cur</span> <span class='ocrx_word' id='word_1_39' title='bbox 900 407 927 461; x_wconf 88' lang='lat' dir='ltr'>in</span> <span class='ocrx_word' id='word_1_40' title='bbox 948 405 1075 479; x_wconf 72' lang='lat' dir='ltr'>Aeschyli</span> 
     </span>
     <span class='ocr_line' id='line_1_7' title="bbox 345 483 536 562; baseline -0.01 -17"><span class='ocrx_word' id='word_1_41' title='bbox 345 483 536 562; x_wconf 80' lang='grc' dir='ltr'>σελούμεναν.</span> 
     </span>
    </p>

    <p class='ocr_par' dir='ltr' id='par_1_3' title="bbox 345 567 1095 729">
     <span class='ocr_line' id='line_1_8' title="bbox 429 567 1095 648; baseline 0 -18"><span class='ocrx_word' id='word_1_42' title='bbox 429 576 499 630; x_wconf 87' lang='grc'><strong>440.</strong></span> <span class='ocrx_word' id='word_1_43' title='bbox 530 567 610 628; x_wconf 79' lang='grc' dir='ltr'><em>κατ’ττ</em></span> <span class='ocrx_word' id='word_1_44' title='bbox 625 574 676 629; x_wconf 87' lang='lat' dir='ltr'>Vit.</span> <span class='ocrx_word' id='word_1_45' title='bbox 763 574 827 639; x_wconf 83' lang='grc' dir='ltr'><em>τοῖς</em></span> <span class='ocrx_word' id='word_1_46' title='bbox 851 567 928 640; x_wconf 73' lang='grc' dir='ltr'><em>νέοις</em></span> <span class='ocrx_word' id='word_1_47' title='bbox 952 591 1034 648; x_wconf 89' lang='lat' dir='ltr'>supra</span> <span class='ocrx_word' id='word_1_48' title='bbox 1059 588 1095 630; x_wconf 79' lang='lat' dir='ltr'>vor</span> 
     </span>
     <span class='ocr_line' id='line_1_9' title="bbox 345 657 600 729; baseline 0 -17"><span class='ocrx_word' id='word_1_49' title='bbox 345 657 474 712; x_wconf 81' lang='lat' dir='ltr'>omissum</span> <span class='ocrx_word' id='word_1_50' title='bbox 490 658 517 712; x_wconf 89' lang='lat' dir='ltr'>in</span> <span class='ocrx_word' id='word_1_51' title='bbox 531 660 600 729; x_wconf 78' lang='lat' dir='ltr'>Aug.</span> 
     </span>
    </p>

    <p class='ocr_par' dir='ltr' id='par_1_4' title="bbox 430 732 742 817">
     <span class='ocr_line' id='line_1_10' title="bbox 430 732 742 817; baseline -0.003 -19"><span class='ocrx_word' id='word_1_52' title='bbox 430 744 502 798; x_wconf 94' lang='grc'><strong>441.</strong></span> <span class='ocrx_word' id='word_1_53' title='bbox 533 734 570 796; x_wconf 78' lang='grc' dir='ltr'>δι’</span> <span class='ocrx_word' id='word_1_54' title='bbox 588 732 697 817; x_wconf 78' lang='grc' dir='ltr'><em>ὥρισεν</em></span> <span class='ocrx_word' id='word_1_55' title='bbox 712 741 742 797; x_wconf 87' lang='lat' dir='ltr'>G.</span> 
     </span>
    </p>

    <p class='ocr_par' dir='ltr' id='par_1_5' title="bbox 430 817 745 894">
     <span class='ocr_line' id='line_1_11' title="bbox 430 817 745 894; baseline 0 -12"><span class='ocrx_word' id='word_1_56' title='bbox 430 827 500 882; x_wconf 80' lang='grc'><strong>442.</strong></span> <span class='ocrx_word' id='word_1_57' title='bbox 532 817 597 894; x_wconf 72' lang='grc' dir='ltr'>ἀλλ’</span> <span class='ocrx_word' id='word_1_58' title='bbox 615 818 699 881; x_wconf 74' lang='grc' dir='ltr'><em>αὐτῶ</em></span> <span class='ocrx_word' id='word_1_59' title='bbox 714 827 745 882; x_wconf 87' lang='lat' dir='ltr'>G.</span> 
     </span>
    </p>

    <p class='ocr_par' dir='ltr' id='par_1_6' title="bbox 406 903 899 987">
     <span class='ocr_line' id='line_1_12' title="bbox 406 903 899 987; baseline -0.004 -19"><span class='ocrx_word' id='word_1_60' title='bbox 406 922 412 933; x_wconf 83' lang='grc'><em>·</em></span> <span class='ocrx_word' id='word_1_61' title='bbox 429 912 500 968; x_wconf 90' lang='grc'><strong>443.</strong></span> <span class='ocrx_word' id='word_1_62' title='bbox 530 927 578 987; x_wconf 78' lang='lat' dir='ltr'>yp.</span> <span class='ocrx_word' id='word_1_63' title='bbox 592 903 780 987; x_wconf 75' lang='grc' dir='ltr'><em>τάμβροτοΐς</em></span> <span class='ocrx_word' id='word_1_64' title='bbox 794 910 853 965; x_wconf 86' lang='lat' dir='ltr'>Par.</span> <span class='ocrx_word' id='word_1_65' title='bbox 870 910 899 966; x_wconf 86' lang='lat' dir='ltr'>B.</span> 
     </span>
    </p>

    <p class='ocr_par' dir='ltr' id='par_1_7' title="bbox 343 987 1112 1407">
     <span class='ocr_line' id='line_1_13' title="bbox 429 987 1110 1069; baseline 0.001 -19"><span class='ocrx_word' id='word_1_66' title='bbox 429 994 480 1050; x_wconf 86' lang='lat' dir='ltr'>Pro</span> <span class='ocrx_word' id='word_1_67' title='bbox 496 987 632 1069; x_wconf 78' lang='grc' dir='ltr'><em>πήματα,</em></span> <span class='ocrx_word' id='word_1_68' title='bbox 648 995 721 1067; x_wconf 91' lang='lat' dir='ltr'>quod</span> <span class='ocrx_word' id='word_1_69' title='bbox 736 1013 830 1051; x_wconf 86' lang='lat' dir='ltr'>omnes</span> <span class='ocrx_word' id='word_1_70' title='bbox 846 995 906 1051; x_wconf 87' lang='lat' dir='ltr'>libri</span> <span class='ocrx_word' id='word_1_71' title='bbox 920 995 1035 1060; x_wconf 81' lang='lat' dir='ltr'>hahent,</span> <span class='ocrx_word' id='word_1_72' title='bbox 1052 994 1110 1051; x_wconf 71' lang='lat' dir='ltr'>Brun</span> 
     </span>
     <span class='ocr_line' id='line_1_14' title="bbox 345 1079 1112 1152; baseline -0.001 -18"><span class='ocrx_word' id='word_1_73' title='bbox 345 1079 407 1143; x_wconf 85' lang='lat' dir='ltr'>suit,</span> <span class='ocrx_word' id='word_1_74' title='bbox 424 1080 485 1152; x_wconf 84' lang='lat' dir='ltr'>quia</span> <span class='ocrx_word' id='word_1_75' title='bbox 501 1080 527 1134; x_wconf 87' lang='lat' dir='ltr'>in</span> <span class='ocrx_word' id='word_1_76' title='bbox 539 1079 598 1136; x_wconf 87' lang='lat' dir='ltr'>Par.</span> <span class='ocrx_word' id='word_1_77' title='bbox 611 1079 640 1135; x_wconf 86' lang='lat' dir='ltr'>B.</span> <span class='ocrx_word' id='word_1_78' title='bbox 652 1081 836 1137; x_wconf 83' lang='lat' dir='ltr'>minutissimis</span> <span class='ocrx_word' id='word_1_79' title='bbox 851 1081 947 1136; x_wconf 87' lang='lat' dir='ltr'>litteris</span> <span class='ocrx_word' id='word_1_80' title='bbox 961 1081 1033 1136; x_wconf 89' lang='lat' dir='ltr'>mter</span> <span class='ocrx_word' id='word_1_81' title='bbox 1047 1097 1112 1135; x_wconf 72' lang='lat' dir='ltr'>versi</span> 
     </span>
     <span class='ocr_line' id='line_1_15' title="bbox 343 1152 1112 1243; baseline -0.003 -25"><span class='ocrx_word' id='word_1_82' title='bbox 343 1182 429 1237; x_wconf 85' lang='grc' dir='ltr'><em>ματα</em></span> <span class='ocrx_word' id='word_1_83' title='bbox 444 1155 465 1219; x_wconf 81' lang='grc' dir='ltr'><strong><em>ἃ</em></strong></span> <span class='ocrx_word' id='word_1_84' title='bbox 479 1152 559 1238; x_wconf 70' lang='grc' dir='ltr'><em>εἶχον</em></span> <span class='ocrx_word' id='word_1_85' title='bbox 573 1167 698 1241; x_wconf 82' lang='grc' dir='ltr'><strong><em>προτοῦ,</em></strong></span> <span class='ocrx_word' id='word_1_86' title='bbox 713 1158 778 1223; x_wconf 80' lang='grc' dir='ltr'><em>κατ’</em></span> <span class='ocrx_word' id='word_1_87' title='bbox 790 1161 952 1243; x_wconf 74' lang='grc' dir='ltr'>εἰρωνείαν.</span> <span class='ocrx_word' id='word_1_88' title='bbox 981 1169 1015 1222; x_wconf 82' lang='lat' dir='ltr'>At</span> <span class='ocrx_word' id='word_1_89' title='bbox 1030 1165 1095 1221; x_wconf 85' lang='lat' dir='ltr'>illud</span> <span class='ocrx_word' id='word_1_90' title='bbox 1111 1212 1112 1216; x_wconf 75' lang='grc'>,</span> 
     </span>
     <span class='ocr_line' id='line_1_16' title="bbox 343 1244 1107 1324; baseline 0 -21"><span class='ocrx_word' id='word_1_91' title='bbox 343 1266 431 1320; x_wconf 86' lang='grc' dir='ltr'><em>ματα</em></span> <span class='ocrx_word' id='word_1_92' title='bbox 445 1256 559 1322; x_wconf 85' lang='lat' dir='ltr'>spectat,</span> <span class='ocrx_word' id='word_1_93' title='bbox 575 1244 753 1324; x_wconf 73' lang='grc' dir='ltr'><em>πταίσματα</em></span> <span class='ocrx_word' id='word_1_94' title='bbox 766 1259 864 1314; x_wconf 92' lang='lat' dir='ltr'>autem,</span> <span class='ocrx_word' id='word_1_95' title='bbox 882 1267 951 1323; x_wconf 87' lang='lat' dir='ltr'>quae</span> <span class='ocrx_word' id='word_1_96' title='bbox 966 1250 1107 1305; x_wconf 80' lang='lat' dir='ltr'>manifesta</span> 
     </span>
     <span class='ocr_line' id='line_1_17' title="bbox 345 1333 1112 1407; baseline 0 -21"><span class='ocrx_word' id='word_1_97' title='bbox 345 1350 472 1389; x_wconf 88' lang='lat' dir='ltr'>numeros</span> <span class='ocrx_word' id='word_1_98' title='bbox 488 1335 646 1407; x_wconf 83' lang='lat' dir='ltr'>corrumpit.</span> <span class='ocrx_word' id='word_1_99' title='bbox 677 1335 832 1407; x_wconf 75' lang='lat' dir='ltr'>Comparari</span> <span class='ocrx_word' id='word_1_100' title='bbox 846 1341 939 1404; x_wconf 88' lang='lat' dir='ltr'>potest</span> <span class='ocrx_word' id='word_1_101' title='bbox 954 1333 1087 1403; x_wconf 84' lang='lat' dir='ltr'>Euripidis</span> <span class='ocrx_word' id='word_1_102' title='bbox 1102 1335 1112 1386; x_wconf 87' lang='grc'><strong>1</strong></span> 
     </span>
    </p>

    <p class='ocr_par' dir='ltr' id='par_1_8' title="bbox 498 1406 1112 1573">
     <span class='ocr_line' id='line_1_18' title="bbox 794 1406 1096 1491; baseline -0.007 -22"><span class='ocrx_word' id='word_1_103' title='bbox 794 1410 855 1491; x_wconf 75' lang='grc' dir='ltr'>χρὴ</span> <span class='ocrx_word' id='word_1_104' title='bbox 870 1410 928 1491; x_wconf 78' lang='grc' dir='ltr'>γὰρ</span> <span class='ocrx_word' id='word_1_105' title='bbox 944 1408 999 1486; x_wconf 79' lang='grc' dir='ltr'>οὐχ</span> <span class='ocrx_word' id='word_1_106' title='bbox 1014 1406 1096 1480; x_wconf 80' lang='grc' dir='ltr'><em>ἅπαξ</em></span> 
     </span>
     <span class='ocr_line' id='line_1_19' title="bbox 498 1490 1112 1573; baseline -0.007 -19"><span class='ocrx_word' id='word_1_107' title='bbox 498 1493 641 1573; x_wconf 69' lang='grc' dir='ltr'>θνήσκειν</span> <span class='ocrx_word' id='word_1_108' title='bbox 655 1516 698 1566; x_wconf 83' lang='grc' dir='ltr'>σε,</span> <span class='ocrx_word' id='word_1_109' title='bbox 714 1493 813 1553; x_wconf 81' lang='grc' dir='ltr'><strong><em>πολλὰ</em></strong></span> <span class='ocrx_word' id='word_1_110' title='bbox 826 1490 944 1570; x_wconf 80' lang='grc' dir='ltr'><em>πήματ’·</em></span> <span class='ocrx_word' id='word_1_111' title='bbox 957 1493 1112 1573; x_wconf 72' lang='grc' dir='ltr'><em>ἓξετργααμ</em></span> 
     </span>
    </p>

    <p class='ocr_par' dir='ltr' id='par_1_9' title="bbox 430 1571 1112 1657">
     <span class='ocr_line' id='line_1_20' title="bbox 430 1571 1112 1657; baseline -0.003 -21"><span class='ocrx_word' id='word_1_112' title='bbox 430 1582 501 1638; x_wconf 93' lang='grc'><strong>444.</strong></span> <span class='ocrx_word' id='word_1_113' title='bbox 532 1574 702 1637; x_wconf 73' lang='grc' dir='ltr'><em>ἀκούσασθ’</em></span> <span class='ocrx_word' id='word_1_114' title='bbox 719 1582 792 1652; x_wconf 87' lang='lat' dir='ltr'>Lips.</span> <span class='ocrx_word' id='word_1_115' title='bbox 822 1571 945 1657; x_wconf 81' lang='grc' dir='ltr'><em>ὥσφας,</em></span> <span class='ocrx_word' id='word_1_116' title='bbox 968 1581 1058 1635; x_wconf 86' lang='lat' dir='ltr'>deleto</span> <span class='ocrx_word' id='word_1_117' title='bbox 1080 1595 1112 1651; x_wconf 88' lang='lat' dir='ltr'>qu</span> 
     </span>
    </p>
   </div>
   <div class='ocr_carea' id='block_1_2' title="bbox 234 1640 1112 1739">
    <p class='ocr_par' dir='ltr' id='par_1_10' title="bbox 234 1640 1112 1739">
     <span class='ocr_line' id='line_1_21' title="bbox 234 1640 1112 1739; baseline -0.003 -20"><span class='ocrx_word' id='word_1_118' title='bbox 234 1640 242 1649; x_wconf 35' lang='lat'>⁸</span> <span class='ocrx_word' id='word_1_119' title='bbox 345 1671 468 1727; x_wconf 82' lang='lat' dir='ltr'>accentu,</span> <span class='ocrx_word' id='word_1_120' title='bbox 482 1664 517 1718; x_wconf 89' lang='grc'><strong>11.</strong></span> <span class='ocrx_word' id='word_1_121' title='bbox 547 1656 588 1729; x_wconf 83' lang='grc' dir='ltr'>ὡς</span> <span class='ocrx_word' id='word_1_122' title='bbox 602 1657 685 1739; x_wconf 81' lang='grc' dir='ltr'><strong><em>σφὰς</em></strong></span> <span class='ocrx_word' id='word_1_123' title='bbox 696 1663 999 1736; x_wconf 74' lang='grc' dir='ltr'><strong>11ρτ.111(1.1101τ.1ατα.</strong></span> <span class='ocrx_word' id='word_1_124' title='bbox 1016 1671 1086 1719; x_wconf 81' lang='lat' dir='ltr'>etex</span> <span class='ocrx_word' id='word_1_125' title='bbox 1102 1678 1112 1716; x_wconf 80' lang='lat' dir='ltr'>o</span> 
     </span>
    </p>
   </div>
   <div class='ocr_carea' id='block_1_3' title="bbox 241 1739 1112 2245">
    <p class='ocr_par' dir='ltr' id='par_1_11' title="bbox 241 1739 1112 2155">
     <span class='ocr_line' id='line_1_22' title="bbox 344 1739 1112 1824; baseline -0.007 -21"><span class='ocrx_word' id='word_1_126' title='bbox 344 1765 395 1803; x_wconf 87' lang='lat' dir='ltr'>uus</span> <span class='ocrx_word' id='word_1_127' title='bbox 411 1747 462 1802; x_wconf 86' lang='lat' dir='ltr'>Vit.</span> <span class='ocrx_word' id='word_1_128' title='bbox 479 1747 505 1800; x_wconf 89' lang='lat' dir='ltr'>in</span> <span class='ocrx_word' id='word_1_129' title='bbox 523 1764 576 1819; x_wconf 91' lang='lat' dir='ltr'>quo</span> <span class='ocrx_word' id='word_1_130' title='bbox 592 1754 671 1800; x_wconf 88' lang='lat' dir='ltr'>antea</span> <span class='ocrx_word' id='word_1_131' title='bbox 686 1755 744 1801; x_wconf 87' lang='lat' dir='ltr'>erat</span> <span class='ocrx_word' id='word_1_132' title='bbox 759 1739 802 1813; x_wconf 83' lang='grc' dir='ltr'>ὡς</span> <span class='ocrx_word' id='word_1_133' title='bbox 815 1750 913 1824; x_wconf 84' lang='grc' dir='ltr'><strong><em>σφᾶς,</em></strong></span> <span class='ocrx_word' id='word_1_134' title='bbox 935 1756 964 1803; x_wconf 92' lang='lat' dir='ltr'>ut</span> <span class='ocrx_word' id='word_1_135' title='bbox 979 1747 1041 1802; x_wconf 91' lang='lat' dir='ltr'>indo</span> <span class='ocrx_word' id='word_1_136' title='bbox 1057 1765 1071 1802; x_wconf 83' lang='lat' dir='ltr'>o</span> <span class='ocrx_word' id='word_1_137' title='bbox 1088 1746 1112 1798; x_wconf 78' lang='lat' dir='ltr'>Vi</span> 
     </span>
     <span class='ocr_line' id='line_1_23' title="bbox 241 1820 1112 1906; baseline 0.002 -20"><span class='ocrx_word' id='word_1_138' title='bbox 241 1880 243 1906; x_wconf 19' lang='grc' dir='ltr'>ζ</span> <span class='ocrx_word' id='word_1_139' title='bbox 344 1830 461 1886; x_wconf 82' lang='lat' dir='ltr'>bendum</span> <span class='ocrx_word' id='word_1_140' title='bbox 477 1837 535 1884; x_wconf 85' lang='lat' dir='ltr'>erat</span> <span class='ocrx_word' id='word_1_141' title='bbox 551 1820 593 1894; x_wconf 81' lang='grc' dir='ltr'>ὥς</span> <span class='ocrx_word' id='word_1_142' title='bbox 606 1845 697 1905; x_wconf 86' lang='grc' dir='ltr'><strong>σφας.</strong></span> <span class='ocrx_word' id='word_1_143' title='bbox 727 1831 757 1886; x_wconf 87' lang='lat' dir='ltr'>V.</span> <span class='ocrx_word' id='word_1_144' title='bbox 774 1833 807 1887; x_wconf 92' lang='lat' dir='ltr'>ad</span> <span class='ocrx_word' id='word_1_145' title='bbox 823 1832 907 1904; x_wconf 90' lang='lat' dir='ltr'>Soph.</span> <span class='ocrx_word' id='word_1_146' title='bbox 924 1832 990 1888; x_wconf 74' lang='lat' dir='ltr'>ssed.</span> <span class='ocrx_word' id='word_1_147' title='bbox 1007 1831 1064 1887; x_wconf 87' lang='lat' dir='ltr'>Col.</span> <span class='ocrx_word' id='word_1_148' title='bbox 1082 1833 1112 1888; x_wconf 74' lang='grc'>41</span> 
     </span>
     <span class='ocr_line' id='line_1_24' title="bbox 242 1906 1105 1989; baseline 0 -18"><span class='ocrx_word' id='word_1_149' title='bbox 242 1914 254 1989; x_wconf 31' lang='lat' dir='ltr'>*p</span> <span class='ocrx_word' id='word_1_150' title='bbox 430 1916 501 1971; x_wconf 87' lang='grc'><strong>445.</strong></span> <span class='ocrx_word' id='word_1_151' title='bbox 531 1906 701 1987; x_wconf 64' lang='grc' dir='ltr'><strong><em>ἐπηβόλους</em></strong></span> <span class='ocrx_word' id='word_1_152' title='bbox 722 1915 756 1970; x_wconf 85' lang='grc'><strong>11.</strong></span> <span class='ocrx_word' id='word_1_153' title='bbox 774 1917 824 1971; x_wconf 89' lang='lat' dir='ltr'>Vit.</span> <span class='ocrx_word' id='word_1_154' title='bbox 840 1919 908 1989; x_wconf 78' lang='lat' dir='ltr'>Aug.</span> <span class='ocrx_word' id='word_1_155' title='bbox 943 1909 1105 1988; x_wconf 76' lang='grc' dir='ltr'><em>ἓτττβόλαας</em></span> 
     </span>
     <span class='ocr_line' id='line_1_25' title="bbox 345 1994 1112 2075; baseline 0 -20"><span class='ocrx_word' id='word_1_156' title='bbox 345 2000 578 2055; x_wconf 79' lang='lat' dir='ltr'>Commemoratur</span> <span class='ocrx_word' id='word_1_157' title='bbox 592 1999 711 2075; x_wconf 76' lang='grc' dir='ltr'><em>φρενῶν</em></span> <span class='ocrx_word' id='word_1_158' title='bbox 725 1994 875 2073; x_wconf 71' lang='grc' dir='ltr'>ἐπήβολος</span> <span class='ocrx_word' id='word_1_159' title='bbox 888 2019 943 2057; x_wconf 90' lang='lat' dir='ltr'>non</span> <span class='ocrx_word' id='word_1_160' title='bbox 958 2000 1049 2057; x_wconf 91' lang='lat' dir='ltr'>addito</span> <span class='ocrx_word' id='word_1_161' title='bbox 1067 2017 1112 2055; x_wconf 83' lang='lat' dir='ltr'>auo</span> 
     </span>
     <span class='ocr_line' id='line_1_26' title="bbox 345 2083 714 2155; baseline 0.008 -17"><span class='ocrx_word' id='word_1_162' title='bbox 345 2083 403 2139; x_wconf 88' lang='lat' dir='ltr'>thio</span> <span class='ocrx_word' id='word_1_163' title='bbox 419 2101 446 2155; x_wconf 93' lang='lat' dir='ltr'>p.</span> <span class='ocrx_word' id='word_1_164' title='bbox 464 2083 534 2148; x_wconf 80' lang='lat'><strong>625,</strong></span> <span class='ocrx_word' id='word_1_165' title='bbox 554 2085 603 2142; x_wconf 82' lang='lat'>37.</span> <span class='ocrx_word' id='word_1_166' title='bbox 710 2109 714 2118; x_wconf 91' lang='lat'>·</span> 
     </span>
    </p>

    <p class='ocr_par' dir='ltr' id='par_1_12' title="bbox 261 2160 1112 2245">
     <span class='ocr_line' id='line_1_27' title="bbox 261 2160 1112 2245; baseline -0.012 -20"><span class='ocrx_word' id='word_1_167' title='bbox 261 2235 265 2245; x_wconf 21' lang='grc' dir='ltr'>ι</span> <span class='ocrx_word' id='word_1_168' title='bbox 294 2204 298 2217; x_wconf 87' lang='lat'><strong>·</strong></span> <span class='ocrx_word' id='word_1_169' title='bbox 429 2169 500 2225; x_wconf 87' lang='grc'><strong>450.</strong></span> <span class='ocrx_word' id='word_1_170' title='bbox 531 2168 623 2241; x_wconf 75' lang='lat' dir='ltr'>Margo</span> <span class='ocrx_word' id='word_1_171' title='bbox 639 2167 682 2223; x_wconf 86' lang='lat' dir='ltr'>ed.</span> <span class='ocrx_word' id='word_1_172' title='bbox 698 2168 757 2224; x_wconf 75' lang='lat' dir='ltr'>ald.</span> <span class='ocrx_word' id='word_1_173' title='bbox 773 2169 846 2242; x_wconf 85' lang='lat' dir='ltr'>apud</span> <span class='ocrx_word' id='word_1_174' title='bbox 857 2169 1063 2231; x_wconf 68' lang='lat' dir='ltr'>lloreliinmm</span> <span class='ocrx_word' id='word_1_175' title='bbox 1086 2160 1112 2200; x_wconf 82' lang='lat'>·’·‘</span> 
     </span>
    </p>
   </div>
   <div class='ocr_carea' id='block_1_4' title="bbox 0 0 1332 5018">
    <p class='ocr_par' dir='ltr' id='par_1_13' title="bbox 0 0 1332 5018">
     <span class='ocr_line' id='line_1_28' title="bbox 0 0 1332 5018; baseline 0 0"><span class='ocrx_word' id='word_1_176' title='bbox 0 0 1332 5018; x_wconf 95' lang='lat' dir='ltr'> </span> 
     </span>
    </p>
   </div>
  </div>
 </body>
</html>
