2640 5078
474 781 528 858 ⁸su
548 781 738 836 svrrmcns.
850 767 853 775 '

139 925 259 1012 ὄργμᾶς
272 930 303 989 ll.

143 1021 213 1076 734.
243 1016 362 1091 ταχεῖαι
377 1016 412 1073 11.
427 1011 533 1100 ταχείᾳ
548 1019 616 1076 Βοὴ.
646 1022 753 1095 ταχεῖα
771 1023 802 1079 G.

140 1099 248 1176 στολῆι
264 1101 298 1157 ll.
329 1098 424 1179 στολῇ
439 1103 470 1158 6.
486 1102 554 1160 Βοὴ.
584 1099 774 1180 στολῆΤιιτυ.

141 1187 213 1245 735.
245 1177 406 1259 πωμάτων
418 1182 570 1264 σωτηρίου
586 1183 752 1265 (σωτηρίαν
765 1190 840 1263 prius
855 1191 882 1246 in
898 1190 942 1264 G.)
958 1192 992 1247 ll.
1009 1194 1040 1249 G.
1057 1193 1087 1250 Β.
1103 1194 1172 1251 Βοὴ.

0 1281 1 1285 ’
57 1263 217 1343 πωμάτων
237 1264 375 1344 σωτηρία
388 1268 470 1326 Turn
510 1264 685 1343 πεισμάτων
699 1273 843 1330 Victorius.
885 1274 1007 1348 Scaliger
1026 1270 1189 1354 nosipsos,

57 1356 127 1429 quod
149 1353 253 1426 recepi.
294 1352 339 1408 Sic
365 1353 506 1426 Euripides
527 1355 623 1411 Troad.
640 1357 712 1414 810.
727 1350 846 1414 ναύδετ’
863 1349 1007 1435 ἀνήψατο
1021 1362 1173 1437 πρυμνᾶν.

56 1439 152 1507 Nescio
175 1446 267 1493 umen
287 1454 322 1492 an
337 1437 477 1510 scripserit
491 1447 573 1512 poeta
587 1434 754 1511 πείσματος
767 1437 937 1521 σωτηρίου,
957 1444 1108 1517 posthunc
1124 1463 1174 1502 au-

57 1532 109 1580 tem
125 1538 222 1577 versus
236 1521 374 1577 exciderit.
1107 1516 1110 1522 “

142 1607 215 1665 736.
245 1596 335 1684 οὐδὲν
348 1604 383 1659 11.
400 1603 430 1660 G.
460 1596 530 1660 οὐδ’
547 1599 579 1662 ἓν
593 1605 661 1662 Βοὴ.
693 1607 807 1665 llestitui
821 1602 887 1680 καί,
903 1609 977 1682 quod
991 1618 1115 1686 apertum
1130 1621 1174 1669 est

56 1699 118 1747 ante
133 1682 225 1745 οὐδέν
239 1689 369 1743 omissum
384 1688 476 1745 luisse.
502 1746 508 1757 ,

142 1774 215 1832 738.
246 1764 312 1827 ἀλλ’
328 1762 406 1829 ὥστε
426 1767 477 1827 καὶ
498 1772 533 1829 ll.
550 1773 581 1829 G.
622 1763 687 1828 ἀλλ’
705 1765 747 1842 ὥς
767 1770 817 1839 καί
838 1775 907 1847 Βοὴ.
948 1767 1049 1846 ἄλλως
1068 1795 1101 1835 τε
1122 1773 1173 1834 καὶ

56 1858 201 1914 Victorius.
264 1871 271 1877 ·
896 1881 902 1891 ·

143 1942 215 1999 739.
246 1937 317 1994 lihri
332 1937 422 2017 φιλεῖ.
448 1939 543 1995 llirum
558 1948 670 1996 estnon
685 1947 739 1995 tam
752 1943 825 2014 quod
836 1934 869 1998 δ’
882 1943 907 1998 in
920 1941 973 2000 tine
983 1961 1076 2000 versus
1088 1945 1173 2001 omis-

55 2042 115 2082 sum
131 2033 175 2080 est
190 2024 218 2078 in
232 2022 323 2088 lihris,
345 2040 426 2096 quam
447 2023 520 2097 quod
535 2025 563 2080 in
578 2030 712 2097 sequente
724 2041 805 2082 versu
819 2025 921 2082 hahent
935 2021 1042 2096 τίκτει,
1064 2036 1094 2083 ut
1109 2028 1173 2084 Plu-

56 2110 168 2166 tarchus
184 2107 217 2174 Q.
234 2123 321 2179 symp,
338 2107 358 2162 1.
376 2109 404 2165 3.
425 2125 453 2180 p.
471 2109 542 2165 619.
559 2107 589 2164 Ε.
605 2108 652 2164 uhi
666 2107 765 2181 legitur
780 2100 816 2165 osi
830 2103 889 2186 γὰρ
903 2103 999 2183 μόνον
1013 2103 1111 2167 ὠδῖνα
1124 2106 1172 2167 τί-

55 2210 118 2250 κτει
139 2188 298 2267 κυβευτῇ]
321 2192 427 2268 σοφῷ,
449 2184 529 2247 κατὰ
543 2184 579 2249 τὸ
596 2184 781 2267 [λεγόμενον,
804 2195 865 2260 πᾶς
877 2187 1000 2268 βόλος],
1026 2202 1053 2250 et
1069 2194 1102 2250 de
1117 2211 1172 2251 non

55 2277 176 2333 suaviter
194 2274 306 2330 vivendo
328 2274 478 2330 secundum
499 2275 645 2348 Epicurum
660 2293 687 2349 p.
708 2279 797 2335 1090.
813 2281 844 2334 λ.
861 2269 926 2332 ἀλλ’
944 2267 1021 2343 dicare
1063 2272 1095 2333 dr
1108 2275 1173 2334 Ga-

56 2354 156 2436 λάσσῃ
172 2349 238 2422 κατ’
251 2351 411 2431 Λίσχύλον
424 2350 521 2414 ὠδῖνα
535 2352 626 2415 τίκτει
642 2353 695 2428 νὺξ
709 2354 879 2439 κυβερνήτῃ
889 2376 925 2417 σο
952 2294 1042 2440 οἶκοί
1048 2355 1173 2437 γαλήνη.

56 2444 133 2511 Quae
148 2442 242 2498 ultima
257 2457 340 2515 quum
355 2443 414 2499 sine
430 2441 511 2499 duhio
527 2443 667 2518 scripserit
681 2444 841 2500 Plutarchus
857 2437 914 2499 κᾶν
927 2377 950 2521 Ξ
963 2438 1093 2520 γαλήνη,
1116 2445 1174 2501 lieri

56 2527 165 2601 quidem
181 2526 270 2599 potuit
286 2534 316 2581 ut
330 2542 363 2581 ea
376 2526 512 2582 Plutarchi
529 2527 609 2583 verba
622 2528 684 2590 sint,
696 2527 745 2582 sed
757 2528 883 2601 quoniam
894 2528 1173 2585 accommodatissima

56 2619 122 2685 sunt
141 2609 176 2665 ad
197 2626 229 2665 ea
250 2625 319 2682 quae
335 2609 440 2666 Danaus
456 2611 534 2675 dicit,
557 2618 633 2666 recte
647 2610 753 2665 videtur
767 2610 871 2666 Peleius
887 2628 937 2683 pro
952 2611 1108 2683 Aeschylus
1123 2613 1175 2668 ha-

54 2695 158 2750 huisse.
190 2694 285 2765 ltaque
300 2710 353 2749 una
368 2711 430 2749 cum
445 2694 650 2767 supplemento,
667 2693 740 2765 quod
751 2694 799 2749 ille
814 2694 967 2766 proposuit.
983 2696 1083 2766 recepi.
1115 2695 1174 2762 Qua

55 2779 117 2851 lege
131 2777 234 2833 vocalis
249 2777 276 2832 in
291 2777 343 2833 fine
359 2795 452 2834 versus
467 2778 529 2834 elidi
543 2777 640 2851 possit,
657 2783 688 2831 ut
701 2776 745 2832 hic
761 2777 788 2831 in
803 2771 846 2846 dl,
862 2777 936 2851 quod
951 2776 1108 2832 vocabulum
1124 2778 1174 2833 ad-

55 2863 126 2927 didi,
147 2861 294 2916 indicatum
316 2869 358 2917 est
372 2863 399 2917 in
414 2862 538 2936 Epitome
554 2861 642 2916 doctr.
657 2868 737 2915 metr.
754 2862 781 2932 6.
802 2863 870 2918 147.
901 2860 960 2916 Non
975 2868 1050 2916 reete
1066 2860 1102 2915 ihi
1116 2860 1174 2933 pri-
1217 2882 1227 2901 ·

55 2963 130 3002 mum
142 2945 173 3001 'id
188 2944 286 3001 iecisse
298 2943 462 3020 Sophoclem
478 2946 539 3002 dixi.
570 2944 645 3001 Fecit
658 2943 807 3019 Aeschylus
823 2953 851 3002 et
864 2944 909 3001 hic
925 2945 993 3002 etin
1009 2943 1087 3000 Eum.
1105 2944 1172 3003 140.

56 3030 104 3087 ubi
120 3028 293 3085 scribendum
308 3038 350 3084 est
364 3022 441 3108 τῷδ’
460 3023 542 3086 iicon.

145 3116 216 3171 740.
247 3111 319 3169 libri
334 3106 436 3170 τίκτει.
466 3112 623 3169 Emendavit
636 3109 788 3167 Turnebus.
862 3178 865 3184 ἱ
936 3120 937 3123 ’
1005 3129 1014 3147 “
1092 3167 1098 3179 ,

145 3199 216 3255 741.
247 3196 305 3252 Non
320 3195 421 3253 hahent
435 3197 496 3253 lihri
510 3197 583 3252 hunc
597 3212 714 3251 versum.

145 3282 216 3338 744.
247 3282 358 3358 φρονεῖ
367 3281 401 3336 ll.
432 3282 556 3358 φρονεῖν
570 3280 601 3336 6.
631 3272 736 3358 φρόνει
752 3278 820 3337 Βοὴ.
931 3352 934 3357 1
991 3288 993 3293 ’
1076 3283 1078 3287 ’
1198 3307 1205 3320 .

143 3357 187 3438 μὴ
204 3355 334 3438 ἀμελεῖν.
364 3365 403 3420 lta
418 3364 488 3420 lihri.

146 3450 217 3506 745.
247 3441 370 3522 πράξασ
384 3449 418 3504 ll.
435 3449 466 3505 G.
496 3446 643 3504 Emendate
656 3446 724 3504 Βοὴ.

144 3523 176 3586 d’
194 3547 248 3586 om.
264 3531 296 3587 G.

150 3615 221 3672 746.
252 3606 483 3689 εὐγλώσσωσὴί.
513 3605 692 3690 εὐγλώσσως
707 3613 736 3669 Ρ.
760 3602 941 3687 vaa'ryitoioouc
955 3611 986 3666 G.
1012 3601 1176 3690 εὐγλώσσῳ

58 3697 128 3756 Βοὴ.
681 3738 686 3739 ff

147 3785 218 3840 747.
249 3780 348 3835 Erimia
364 3785 421 3835 arte
437 3780 617 3852 compositum
633 3785 675 3835 est
689 3778 743 3833 hoc
755 3792 872 3838 carmen,
886 3774 962 3829 cuius
974 3773 1106 3828 rationem
1117 3790 1177 3830 me-·

24 3927 26 3930 ,
61 3867 156 3922 tricam
172 3866 194 3920 si
208 3864 412 3938 perspexissent
427 3864 521 3928 critici,
538 3881 592 3919 non
607 3862 744 3918 mediocre
759 3858 793 3914 ad
809 3856 1024 3913 emendationem
1035 3847 1174 3914 adiumen-

60 3958 117 4005 tum
133 3949 302 4005 habuissent.
332 3948 406 4003 lnter
421 3946 487 4003 duas
503 3946 554 4002 sibi
568 3945 766 4019 respondentes
778 3940 906 4014 strophas
917 3939 1060 4013 praeconis
1072 3958 1096 3996 r.
1105 3941 1176 3999 805.

62 4034 133 4091 809.
156 4048 227 4106 quae
247 4048 361 4087 numero
384 4032 493 4104 quintae
508 4031 592 4086 totius
608 4027 732 4085 carminis
748 4026 876 4098 strophae
892 4032 969 4100 sunt,
991 4025 1119 4081 mesodus
1133 4034 1178 4083 est

61 4116 146 4172 totius
161 4116 240 4172 chori
260 4133 284 4169 v.
303 4115 479 4174 806-808.
521 4114 666 4185 stropham
692 4110 834 4184 praeconis
861 4108 1028 4182 praecedunt
1049 4118 1179 4182 quattuor

61 4200 235 4272 stropharum
249 4199 333 4272 paria,
350 4199 459 4254 altemis
475 4197 509 4253 ab
524 4196 697 4253 hemichoriis
712 4201 835 4258 cantatu
852 4193 1047 4265 antistropham
1062 4210 1179 4266 praeco·

61 4283 104 4338 nis
125 4283 228 4355 pariter
251 4289 380 4353 quattuor
394 4289 545 4355 sequuntur
558 4280 632 4353 paria
649 4279 837 4353 stropharum,
860 4276 950 4334 sedin
965 4278 1023 4342 his,
1051 4279 1178 4350 quoniam

62 4367 166 4421 interea
186 4382 286 4438 praeco
309 4366 439 4429 accessit,
462 4365 541 4420 huius
557 4380 664 4436 quoque
680 4363 751 4418 dicta
766 4362 935 4418 alternationi
951 4361 1178 4419 hemichortomm

62 4449 215 4505 intermixta
231 4457 302 4513 sunt,
320 4449 356 4504 ita
371 4456 401 4504 ut
416 4449 505 4504 omnia
520 4446 722 4519 acncmatissime
737 4447 807 4502 inter
822 4463 851 4501 se
867 4443 1058 4519 respondeant.

151 4534 221 4589 747.
252 4531 324 4588 Libii
339 4524 376 4588 td
390 4533 430 4607 γᾶ
443 4530 571 4604 doceto.
600 4530 756 4587 Emendavit
770 4529 905 4586 Pauwius.
