<?xml version="1.0" encoding="UTF-8"?>
<!DOCTYPE html PUBLIC "-//W3C//DTD XHTML 1.0 Transitional//EN"
    "http://www.w3.org/TR/xhtml1/DTD/xhtml1-transitional.dtd">
<html xmlns="http://www.w3.org/1999/xhtml" xml:lang="en" lang="en">
 <head>
  <title>
</title>
<meta http-equiv="Content-Type" content="text/html;charset=utf-8" />
  <meta name='ocr-system' content='tesseract 3.04.00' />
  <meta name='ocr-capabilities' content='ocr_page ocr_carea ocr_par ocr_line ocrx_word'/>
</head>
<body>
  <div class='ocr_page' id='page_1' title='image "aeschylitragoed00hermgoog_0109.png"; bbox 0 0 2654 5018; ppageno 0'>
   <div class='ocr_carea' id='block_1_1' title="bbox 248 4 1130 2017">
    <p class='ocr_par' dir='ltr' id='par_1_1' title="bbox 321 4 1100 165">
     <span class='ocr_line' id='line_1_1' title="bbox 404 4 1098 80; baseline -0.007 -17"><span class='ocrx_word' id='word_1_1' title='bbox 404 14 625 80; x_wconf 59' lang='lat' dir='ltr'><strong>mmo</strong></span> <span class='ocrx_word' id='word_1_2' title='bbox 658 20 757 77; x_wconf 76' lang='grc' dir='ltr'><em>στοιχε</em></span> <span class='ocrx_word' id='word_1_3' title='bbox 771 23 814 59; x_wconf 84' lang='grc' dir='ltr'><strong>ων</strong></span> <span class='ocrx_word' id='word_1_4' title='bbox 833 6 860 60; x_wconf 91' lang='lat' dir='ltr'><strong>in</strong></span> <span class='ocrx_word' id='word_1_5' title='bbox 881 4 1001 59; x_wconf 82' lang='lat' dir='ltr'><strong>Crameri</strong></span> <span class='ocrx_word' id='word_1_6' title='bbox 1016 7 1098 71; x_wconf 60' lang='lat' dir='ltr'><strong>Adeon</strong></span> 
     </span>
     <span class='ocr_line' id='line_1_2' title="bbox 321 79 1100 165; baseline 0 -21"><span class='ocrx_word' id='word_1_7' title='bbox 321 81 479 162; x_wconf 72' lang='grc' dir='ltr'><em>Αἰσχύλος</em></span> <span class='ocrx_word' id='word_1_8' title='bbox 495 81 528 143; x_wconf 76' lang='grc' dir='ltr'><em>δέ</em></span> <span class='ocrx_word' id='word_1_9' title='bbox 543 83 723 163; x_wconf 74' lang='grc' dir='ltr'><em>Προμηθέα</em></span> <span class='ocrx_word' id='word_1_10' title='bbox 739 84 833 163; x_wconf 76' lang='grc' dir='ltr'><em>ρησέν</em></span> <span class='ocrx_word' id='word_1_11' title='bbox 847 81 1002 165; x_wconf 68' lang='grc' dir='ltr'><em>εὑρηκέναι</em></span> <span class='ocrx_word' id='word_1_12' title='bbox 1019 79 1100 144; x_wconf 78' lang='grc' dir='ltr'><em>αὐτά</em></span> 
     </span>
    </p>

    <p class='ocr_par' dir='ltr' id='par_1_2' title="bbox 248 164 1130 2017">
     <span class='ocr_line' id='line_1_3' title="bbox 406 164 1102 245; baseline -0.001 -16"><span class='ocrx_word' id='word_1_13' title='bbox 406 174 477 229; x_wconf 82' lang='grc'><strong>462.</strong></span> <span class='ocrx_word' id='word_1_14' title='bbox 506 165 629 245; x_wconf 78' lang='grc' dir='ltr'><em>μνήμην</em></span> <span class='ocrx_word' id='word_1_15' title='bbox 643 164 785 228; x_wconf 82' lang='grc' dir='ltr'><em>ἁπάντων</em></span> <span class='ocrx_word' id='word_1_16' title='bbox 799 173 833 228; x_wconf 84' lang='lat' dir='ltr'><strong>tt.</strong></span> <span class='ocrx_word' id='word_1_17' title='bbox 855 172 881 228; x_wconf 67' lang='grc' dir='ltr'><em>θ</em></span> <span class='ocrx_word' id='word_1_18' title='bbox 901 190 982 244; x_wconf 87' lang='lat' dir='ltr'><strong>supra</strong></span> <span class='ocrx_word' id='word_1_19' title='bbox 1004 172 1102 228; x_wconf 89' lang='lat' dir='ltr'><strong>addito-</strong></span> 
     </span>
     <span class='ocr_line' id='line_1_4' title="bbox 321 248 1105 330; baseline -0.001 -16"><span class='ocrx_word' id='word_1_20' title='bbox 321 257 473 314; x_wconf 85' lang='lat' dir='ltr'><strong>reoentiore</strong></span> <span class='ocrx_word' id='word_1_21' title='bbox 488 273 578 311; x_wconf 89' lang='lat' dir='ltr'><strong>manu.</strong></span> <span class='ocrx_word' id='word_1_22' title='bbox 607 249 730 330; x_wconf 91' lang='grc' dir='ltr'><em>μνήμην</em></span> <span class='ocrx_word' id='word_1_23' title='bbox 743 248 886 312; x_wconf 80' lang='grc' dir='ltr'><em>ἁπάντων</em></span> <span class='ocrx_word' id='word_1_24' title='bbox 900 258 979 311; x_wconf 86' lang='lat' dir='ltr'><strong>etiam</strong></span> <span class='ocrx_word' id='word_1_25' title='bbox 992 254 1105 313; x_wconf 87' lang='lat' dir='ltr'><strong>Stobaet</strong></span> 
     </span>
     <span class='ocr_line' id='line_1_5' title="bbox 320 332 1108 414; baseline -0.001 -15"><span class='ocrx_word' id='word_1_26' title='bbox 320 360 382 399; x_wconf 87' lang='grc' dir='ltr'><strong>των</strong></span> <span class='ocrx_word' id='word_1_27' title='bbox 395 344 463 412; x_wconf 77' lang='lat' dir='ltr'><strong>Aug.</strong></span> <span class='ocrx_word' id='word_1_28' title='bbox 501 340 589 395; x_wconf 84' lang='lat' dir='ltr'><strong>Ceteri</strong></span> <span class='ocrx_word' id='word_1_29' title='bbox 604 339 664 395; x_wconf 85' lang='lat' dir='ltr'><strong>libri</strong></span> <span class='ocrx_word' id='word_1_30' title='bbox 679 357 774 397; x_wconf 83' lang='lat' dir='ltr'><strong>omnes</strong></span> <span class='ocrx_word' id='word_1_31' title='bbox 787 336 910 414; x_wconf 77' lang='grc' dir='ltr'><em>μνήμην</em></span> <span class='ocrx_word' id='word_1_32' title='bbox 924 334 955 395; x_wconf 73' lang='lat' dir='ltr'><strong>o‘</strong></span> <span class='ocrx_word' id='word_1_33' title='bbox 973 332 1108 398; x_wconf 79' lang='grc' dir='ltr'><em>άπάντωι</em></span> 
     </span>
     <span class='ocr_line' id='line_1_6' title="bbox 322 421 1110 500; baseline -0.003 -18"><span class='ocrx_word' id='word_1_34' title='bbox 322 425 393 499; x_wconf 87' lang='lat' dir='ltr'><strong>apud</strong></span> <span class='ocrx_word' id='word_1_35' title='bbox 414 423 561 496; x_wconf 58' lang='lat' dir='ltr'><strong>Stoliaeum</strong></span> <span class='ocrx_word' id='word_1_36' title='bbox 582 433 633 479; x_wconf 89' lang='lat' dir='ltr'><strong>est.</strong></span> <span class='ocrx_word' id='word_1_37' title='bbox 675 424 794 498; x_wconf 85' lang='lat' dir='ltr'><strong>Denique</strong></span> <span class='ocrx_word' id='word_1_38' title='bbox 817 421 869 500; x_wconf 90' lang='grc' dir='ltr'><strong>ἐργ</strong></span> <span class='ocrx_word' id='word_1_39' title='bbox 883 425 917 480; x_wconf 82' lang='lat' dir='ltr'><strong>tt.</strong></span> <span class='ocrx_word' id='word_1_40' title='bbox 941 442 955 479; x_wconf 92' lang='lat' dir='ltr'><strong>a</strong></span> <span class='ocrx_word' id='word_1_41' title='bbox 978 442 1019 497; x_wconf 85' lang='lat' dir='ltr'><strong>pr.</strong></span> <span class='ocrx_word' id='word_1_42' title='bbox 1041 437 1110 480; x_wconf 88' lang='lat' dir='ltr'><strong>mant</strong></span> 
     </span>
     <span class='ocr_line' id='line_1_7' title="bbox 322 508 1113 572; baseline 0 -6"><span class='ocrx_word' id='word_1_43' title='bbox 322 512 425 567; x_wconf 75' lang='lat' dir='ltr'><strong>litteras</strong></span> <span class='ocrx_word' id='word_1_44' title='bbox 446 508 601 572; x_wconf 75' lang='lat' dir='ltr'><strong>addiderat,</strong></span> <span class='ocrx_word' id='word_1_45' title='bbox 623 509 655 563; x_wconf 91' lang='lat' dir='ltr'><strong>iis</strong></span> <span class='ocrx_word' id='word_1_46' title='bbox 677 509 772 564; x_wconf 83' lang='lat' dir='ltr'><strong>deletis</strong></span> <span class='ocrx_word' id='word_1_47' title='bbox 794 526 889 564; x_wconf 92' lang='lat' dir='ltr'><strong>manus</strong></span> <span class='ocrx_word' id='word_1_48' title='bbox 909 509 1053 564; x_wconf 80' lang='lat' dir='ltr'><strong>admodum</strong></span> <span class='ocrx_word' id='word_1_49' title='bbox 1075 524 1113 566; x_wconf 80' lang='lat' dir='ltr'><strong>ret</strong></span> 
     </span>
     <span class='ocr_line' id='line_1_8' title="bbox 322 586 1116 671; baseline -0.005 -21"><span class='ocrx_word' id='word_1_50' title='bbox 322 587 443 671; x_wconf 81' lang='grc' dir='ltr'><em>ἐργάτιν</em></span> <span class='ocrx_word' id='word_1_51' title='bbox 456 593 515 648; x_wconf 87' lang='lat' dir='ltr'><strong>Par.</strong></span> <span class='ocrx_word' id='word_1_52' title='bbox 532 592 561 646; x_wconf 88' lang='lat' dir='ltr'><strong>B.</strong></span> <span class='ocrx_word' id='word_1_53' title='bbox 584 592 609 647; x_wconf 90' lang='lat' dir='ltr'><strong>in</strong></span> <span class='ocrx_word' id='word_1_54' title='bbox 631 609 685 665; x_wconf 84' lang='lat' dir='ltr'><strong>quo</strong></span> <span class='ocrx_word' id='word_1_55' title='bbox 707 593 825 648; x_wconf 90' lang='lat' dir='ltr'><strong>additum</strong></span> <span class='ocrx_word' id='word_1_56' title='bbox 847 611 894 668; x_wconf 89' lang='grc' dir='ltr'><strong>γρ.</strong></span> <span class='ocrx_word' id='word_1_57' title='bbox 907 586 1116 669; x_wconf 76' lang='grc' dir='ltr'><em>μουσομήτορι</em></span> 
     </span>
     <span class='ocr_line' id='line_1_9' title="bbox 264 669 1118 751; baseline -0.008 -13"><span class='ocrx_word' id='word_1_58' title='bbox 264 735 268 738; x_wconf 82' lang='grc'><strong>.</strong></span> <span class='ocrx_word' id='word_1_59' title='bbox 323 679 384 734; x_wconf 89' lang='lat' dir='ltr'><strong>edd.</strong></span> <span class='ocrx_word' id='word_1_60' title='bbox 399 686 464 732; x_wconf 69' lang='lat' dir='ltr'><strong>vett„</strong></span> <span class='ocrx_word' id='word_1_61' title='bbox 494 669 622 750; x_wconf 89' lang='grc' dir='ltr'><em>ἐργάτην</em></span> <span class='ocrx_word' id='word_1_62' title='bbox 637 677 852 751; x_wconf 76' lang='lat' dir='ltr'><strong>Vit.Lips.Aug.</strong></span> <span class='ocrx_word' id='word_1_63' title='bbox 868 677 976 749; x_wconf 84' lang='lat' dir='ltr'><strong>aliique.</strong></span> <span class='ocrx_word' id='word_1_64' title='bbox 1007 670 1118 750; x_wconf 79' lang='grc' dir='ltr'><em>ἐργάτι,</em></span> 
     </span>
     <span class='ocr_line' id='line_1_10' title="bbox 323 753 1121 836; baseline -0.001 -19"><span class='ocrx_word' id='word_1_65' title='bbox 323 763 428 818; x_wconf 76' lang='lat' dir='ltr'>litterae</span> <span class='ocrx_word' id='word_1_66' title='bbox 444 779 485 829; x_wconf 80' lang='grc' dir='ltr'><strong>αι,</strong></span> <span class='ocrx_word' id='word_1_67' title='bbox 501 760 531 814; x_wconf 87' lang='lat' dir='ltr'><strong>G.</strong></span> <span class='ocrx_word' id='word_1_68' title='bbox 562 753 690 836; x_wconf 88' lang='grc' dir='ltr'><em>ἐργάνην</em></span> <span class='ocrx_word' id='word_1_69' title='bbox 703 761 826 834; x_wconf 87' lang='lat' dir='ltr'><strong>praebuit</strong></span> <span class='ocrx_word' id='word_1_70' title='bbox 838 761 982 817; x_wconf 85' lang='lat' dir='ltr'><strong>Stobaeus.</strong></span> <span class='ocrx_word' id='word_1_71' title='bbox 1012 760 1121 816; x_wconf 76' lang='lat' dir='ltr'><strong>Brunck</strong></span> 
     </span>
     <span class='ocr_line' id='line_1_11' title="bbox 324 843 1123 918; baseline 0 -18"><span class='ocrx_word' id='word_1_72' title='bbox 324 844 496 908; x_wconf 87' lang='lat' dir='ltr'><strong>sterhusium‚</strong></span> <span class='ocrx_word' id='word_1_73' title='bbox 513 844 559 916; x_wconf 87' lang='lat' dir='ltr'><strong>qui</strong></span> <span class='ocrx_word' id='word_1_74' title='bbox 574 843 608 899; x_wconf 90' lang='lat' dir='ltr'><strong>ad</strong></span> <span class='ocrx_word' id='word_1_75' title='bbox 618 846 764 901; x_wconf 74' lang='lat' dir='ltr'><strong>Lucienum</strong></span> <span class='ocrx_word' id='word_1_76' title='bbox 779 846 831 901; x_wconf 87' lang='lat' dir='ltr'><strong>vol.</strong></span> <span class='ocrx_word' id='word_1_77' title='bbox 842 846 863 901; x_wconf 89' lang='lat' dir='ltr'><strong>l.</strong></span> <span class='ocrx_word' id='word_1_78' title='bbox 879 863 907 918; x_wconf 87' lang='lat' dir='ltr'><strong>p.</strong></span> <span class='ocrx_word' id='word_1_79' title='bbox 921 847 970 903; x_wconf 82' lang='lat'><strong>88.</strong></span> <span class='ocrx_word' id='word_1_80' title='bbox 980 846 1019 901; x_wconf 87' lang='lat' dir='ltr'><strong>sio</strong></span> <span class='ocrx_word' id='word_1_81' title='bbox 1030 844 1123 901; x_wconf 76' lang='lat' dir='ltr'><strong>scribet</strong></span> 
     </span>
     <span class='ocr_line' id='line_1_12' title="bbox 322 921 1126 1004; baseline -0.001 -20"><span class='ocrx_word' id='word_1_82' title='bbox 322 924 430 1003; x_wconf 84' lang='grc' dir='ltr'><em>μάτων</em></span> <span class='ocrx_word' id='word_1_83' title='bbox 446 945 475 984; x_wconf 83' lang='grc' dir='ltr'><strong>τε</strong></span> <span class='ocrx_word' id='word_1_84' title='bbox 490 921 649 998; x_wconf 74' lang='grc' dir='ltr'><em>σύνθεσιν,</em></span> <span class='ocrx_word' id='word_1_85' title='bbox 664 922 785 1004; x_wconf 83' lang='grc' dir='ltr'><em>μνήμης</em></span> <span class='ocrx_word' id='word_1_86' title='bbox 799 923 1126 1002; x_wconf 70' lang='grc' dir='ltr'><em>άπάντωνμουσομήτ(</em></span> 
     </span>
     <span class='ocr_line' id='line_1_13' title="bbox 324 1006 1128 1094; baseline 0 -25"><span class='ocrx_word' id='word_1_87' title='bbox 324 1015 363 1087; x_wconf 85' lang='lat' dir='ltr'><strong>pit</strong></span> <span class='ocrx_word' id='word_1_88' title='bbox 377 1006 505 1088; x_wconf 88' lang='grc' dir='ltr'><em>ἐργάνην</em></span> <span class='ocrx_word' id='word_1_89' title='bbox 519 1012 709 1094; x_wconf 82' lang='lat' dir='ltr'><strong>Blomdetdius‚</strong></span> <span class='ocrx_word' id='word_1_90' title='bbox 725 1023 756 1069; x_wconf 90' lang='lat' dir='ltr'><strong>ut</strong></span> <span class='ocrx_word' id='word_1_91' title='bbox 771 1015 915 1071; x_wconf 85' lang='lat' dir='ltr'><strong>lectionem</strong></span> <span class='ocrx_word' id='word_1_92' title='bbox 930 1015 1075 1087; x_wconf 85' lang='lat' dir='ltr'><strong>antiquam,</strong></span> <span class='ocrx_word' id='word_1_93' title='bbox 1089 1031 1128 1070; x_wconf 87' lang='lat' dir='ltr'><strong>sei</strong></span> 
     </span>
     <span class='ocr_line' id='line_1_14' title="bbox 323 1096 1130 1171; baseline -0.001 -18"><span class='ocrx_word' id='word_1_94' title='bbox 323 1099 350 1154; x_wconf 91' lang='lat' dir='ltr'><strong>id</strong></span> <span class='ocrx_word' id='word_1_95' title='bbox 365 1096 439 1170; x_wconf 85' lang='lat' dir='ltr'><strong>quod</strong></span> <span class='ocrx_word' id='word_1_96' title='bbox 454 1096 576 1153; x_wconf 80' lang='lat' dir='ltr'><strong>fecerimt</strong></span> <span class='ocrx_word' id='word_1_97' title='bbox 591 1098 671 1154; x_wconf 87' lang='lat' dir='ltr'><strong>etiam</strong></span> <span class='ocrx_word' id='word_1_98' title='bbox 687 1116 769 1171; x_wconf 90' lang='lat' dir='ltr'><strong>quum</strong></span> <span class='ocrx_word' id='word_1_99' title='bbox 784 1100 837 1163; x_wconf 87' lang='lat' dir='ltr'><strong>alii,</strong></span> <span class='ocrx_word' id='word_1_100' title='bbox 855 1107 909 1155; x_wconf 86' lang='lat' dir='ltr'><strong>tum</strong></span> <span class='ocrx_word' id='word_1_101' title='bbox 925 1099 1110 1162; x_wconf 78' lang='lat' dir='ltr'><strong>Wellauerm,</strong></span> <span class='ocrx_word' id='word_1_102' title='bbox 1126 1117 1130 1152; x_wconf 72' lang='grc' dir='ltr'><strong>ε</strong></span> 
     </span>
     <span class='ocr_line' id='line_1_15' title="bbox 324 1182 1130 1256; baseline 0.001 -19"><span class='ocrx_word' id='word_1_103' title='bbox 324 1182 421 1256; x_wconf 86' lang='lat' dir='ltr'><strong>quihus</strong></span> <span class='ocrx_word' id='word_1_104' title='bbox 443 1199 475 1237; x_wconf 82' lang='lat' dir='ltr'><strong>ea</strong></span> <span class='ocrx_word' id='word_1_105' title='bbox 489 1182 623 1254; x_wconf 81' lang='lat' dir='ltr'><strong>scriptura</strong></span> <span class='ocrx_word' id='word_1_106' title='bbox 638 1183 788 1240; x_wconf 80' lang='lat' dir='ltr'><strong>damnetur.</strong></span> <span class='ocrx_word' id='word_1_107' title='bbox 819 1184 848 1240; x_wconf 87' lang='lat' dir='ltr'><strong>td</strong></span> <span class='ocrx_word' id='word_1_108' title='bbox 862 1184 906 1241; x_wconf 87' lang='lat' dir='ltr'><strong>ille</strong></span> <span class='ocrx_word' id='word_1_109' title='bbox 921 1183 1130 1239; x_wconf 77' lang='lat' dir='ltr'><strong>temeroiudica</strong></span> 
     </span>
     <span class='ocr_line' id='line_1_16' title="bbox 248 1266 1130 1340; baseline 0.001 -19"><span class='ocrx_word' id='word_1_110' title='bbox 248 1296 251 1300; x_wconf 92' lang='lat'>·</span> <span class='ocrx_word' id='word_1_111' title='bbox 323 1267 424 1322; x_wconf 87' lang='lat' dir='ltr'><strong>moriae</strong></span> <span class='ocrx_word' id='word_1_112' title='bbox 440 1266 462 1320; x_wconf 84' lang='lat' dir='ltr'><strong>si</strong></span> <span class='ocrx_word' id='word_1_113' title='bbox 477 1283 492 1321; x_wconf 81' lang='lat' dir='ltr'><strong>a</strong></span> <span class='ocrx_word' id='word_1_114' title='bbox 508 1266 670 1324; x_wconf 86' lang='lat' dir='ltr'><strong>Prometheo</strong></span> <span class='ocrx_word' id='word_1_115' title='bbox 685 1269 819 1325; x_wconf 81' lang='lat' dir='ltr'><strong>inventam</strong></span> <span class='ocrx_word' id='word_1_116' title='bbox 834 1269 944 1326; x_wconf 74' lang='lat' dir='ltr'><strong>unisset</strong></span> <span class='ocrx_word' id='word_1_117' title='bbox 955 1268 1112 1340; x_wconf 77' lang='lat' dir='ltr'><strong>Aeschylus,</strong></span> <span class='ocrx_word' id='word_1_118' title='bbox 1129 1301 1130 1310; x_wconf 31' lang='grc' dir='ltr'><em>τ</em></span> 
     </span>
     <span class='ocr_line' id='line_1_17' title="bbox 324 1350 1130 1424; baseline -0.001 -18"><span class='ocrx_word' id='word_1_119' title='bbox 324 1350 460 1406; x_wconf 82' lang='lat' dir='ltr'><strong>Simonide</strong></span> <span class='ocrx_word' id='word_1_120' title='bbox 482 1351 588 1407; x_wconf 87' lang='lat' dir='ltr'><strong>inventa</strong></span> <span class='ocrx_word' id='word_1_121' title='bbox 609 1352 708 1416; x_wconf 75' lang='lat' dir='ltr'><strong>femur,</strong></span> <span class='ocrx_word' id='word_1_122' title='bbox 728 1361 774 1407; x_wconf 82' lang='lat' dir='ltr'><strong>aut</strong></span> <span class='ocrx_word' id='word_1_123' title='bbox 795 1360 908 1424; x_wconf 83' lang='lat' dir='ltr'><strong>proptor</strong></span> <span class='ocrx_word' id='word_1_124' title='bbox 923 1360 1043 1423; x_wconf 86' lang='lat' dir='ltr'><strong>tempora</strong></span> <span class='ocrx_word' id='word_1_125' title='bbox 1060 1351 1130 1405; x_wconf 79' lang='lat' dir='ltr'><strong>stolii</strong></span> 
     </span>
     <span class='ocr_line' id='line_1_18' title="bbox 324 1434 1130 1508; baseline -0.005 -17"><span class='ocrx_word' id='word_1_126' title='bbox 324 1435 416 1499; x_wconf 82' lang='lat' dir='ltr'><strong>culus,</strong></span> <span class='ocrx_word' id='word_1_127' title='bbox 439 1443 486 1490; x_wconf 82' lang='lat' dir='ltr'><strong>aut</strong></span> <span class='ocrx_word' id='word_1_128' title='bbox 506 1435 613 1506; x_wconf 86' lang='lat' dir='ltr'><strong>ineptus</strong></span> <span class='ocrx_word' id='word_1_129' title='bbox 635 1444 747 1508; x_wconf 86' lang='lat' dir='ltr'><strong>propter</strong></span> <span class='ocrx_word' id='word_1_130' title='bbox 762 1435 1046 1491; x_wconf 77' lang='lat' dir='ltr'><strong>commemorationem</strong></span> <span class='ocrx_word' id='word_1_131' title='bbox 1061 1434 1130 1488; x_wconf 85' lang='lat' dir='ltr'><strong>invor</strong></span> 
     </span>
     <span class='ocr_line' id='line_1_19' title="bbox 323 1516 1130 1592; baseline -0.004 -18"><span class='ocrx_word' id='word_1_132' title='bbox 323 1520 395 1592; x_wconf 86' lang='lat' dir='ltr'><strong>plina</strong></span> <span class='ocrx_word' id='word_1_133' title='bbox 410 1519 498 1591; x_wconf 82' lang='lat' dir='ltr'><strong>aliqua</strong></span> <span class='ocrx_word' id='word_1_134' title='bbox 514 1520 669 1575; x_wconf 86' lang='lat' dir='ltr'><strong>doctrinave</strong></span> <span class='ocrx_word' id='word_1_135' title='bbox 684 1520 830 1582; x_wconf 76' lang='lat' dir='ltr'><strong>contineri,</strong></span> <span class='ocrx_word' id='word_1_136' title='bbox 854 1518 902 1573; x_wconf 82' lang='lat' dir='ltr'><strong>sed</strong></span> <span class='ocrx_word' id='word_1_137' title='bbox 918 1526 1028 1572; x_wconf 88' lang='lat' dir='ltr'><strong>naturae</strong></span> <span class='ocrx_word' id='word_1_138' title='bbox 1042 1516 1130 1571; x_wconf 85' lang='lat' dir='ltr'><strong>bened</strong></span> 
     </span>
     <span class='ocr_line' id='line_1_20' title="bbox 323 1600 1130 1676; baseline -0.002 -19"><span class='ocrx_word' id='word_1_139' title='bbox 323 1604 466 1667; x_wconf 87' lang='lat' dir='ltr'><strong>videretur,</strong></span> <span class='ocrx_word' id='word_1_140' title='bbox 483 1602 516 1658; x_wconf 81' lang='lat' dir='ltr'><strong>ab</strong></span> <span class='ocrx_word' id='word_1_141' title='bbox 531 1603 563 1657; x_wconf 85' lang='lat' dir='ltr'><strong>iis</strong></span> <span class='ocrx_word' id='word_1_142' title='bbox 579 1604 623 1676; x_wconf 91' lang='lat' dir='ltr'><strong>qui</strong></span> <span class='ocrx_word' id='word_1_143' title='bbox 639 1603 692 1657; x_wconf 87' lang='lat' dir='ltr'><strong>hoo</strong></span> <span class='ocrx_word' id='word_1_144' title='bbox 706 1602 849 1657; x_wconf 79' lang='lat' dir='ltr'><strong>iactantem</strong></span> <span class='ocrx_word' id='word_1_145' title='bbox 865 1602 1055 1657; x_wconf 83' lang='lat' dir='ltr'><strong>Prometheum</strong></span> <span class='ocrx_word' id='word_1_146' title='bbox 1070 1600 1130 1655; x_wconf 88' lang='lat' dir='ltr'><strong>audi</strong></span> 
     </span>
     <span class='ocr_line' id='line_1_21' title="bbox 324 1684 1130 1758; baseline -0.004 -16"><span class='ocrx_word' id='word_1_147' title='bbox 324 1687 521 1742; x_wconf 85' lang='lat' dir='ltr'><strong>Hemsterhusii</strong></span> <span class='ocrx_word' id='word_1_148' title='bbox 536 1685 734 1758; x_wconf 80' lang='lat' dir='ltr'><strong>elegantissima</strong></span> <span class='ocrx_word' id='word_1_149' title='bbox 750 1694 793 1741; x_wconf 91' lang='lat' dir='ltr'><strong>est</strong></span> <span class='ocrx_word' id='word_1_150' title='bbox 807 1687 963 1742; x_wconf 80' lang='lat' dir='ltr'><strong>coniectura</strong></span> <span class='ocrx_word' id='word_1_151' title='bbox 979 1693 1007 1740; x_wconf 87' lang='lat' dir='ltr'><strong>et</strong></span> <span class='ocrx_word' id='word_1_152' title='bbox 1021 1684 1130 1756; x_wconf 77' lang='lat' dir='ltr'><strong>protect</strong></span> 
     </span>
     <span class='ocr_line' id='line_1_22' title="bbox 324 1762 1130 1844; baseline -0.002 -18"><span class='ocrx_word' id='word_1_153' title='bbox 324 1788 378 1827; x_wconf 90' lang='lat' dir='ltr'><strong>non</strong></span> <span class='ocrx_word' id='word_1_154' title='bbox 394 1789 463 1844; x_wconf 83' lang='lat' dir='ltr'><strong>opus</strong></span> <span class='ocrx_word' id='word_1_155' title='bbox 479 1778 537 1825; x_wconf 87' lang='lat' dir='ltr'><strong>erat</strong></span> <span class='ocrx_word' id='word_1_156' title='bbox 549 1764 693 1825; x_wconf 71' lang='grc' dir='ltr'><em>σύνθεσιν</em></span> <span class='ocrx_word' id='word_1_157' title='bbox 708 1769 859 1834; x_wconf 82' lang='lat' dir='ltr'><strong>adsumere,</strong></span> <span class='ocrx_word' id='word_1_158' title='bbox 874 1763 996 1844; x_wconf 87' lang='grc' dir='ltr'><em>μνήμης</em></span> <span class='ocrx_word' id='word_1_159' title='bbox 1011 1762 1130 1825; x_wconf 77' lang='grc' dir='ltr'><em>άπάντο</em></span> 
     </span>
     <span class='ocr_line' id='line_1_23' title="bbox 323 1849 1130 1930; baseline 0 -20"><span class='ocrx_word' id='word_1_160' title='bbox 323 1849 426 1930; x_wconf 89' lang='grc' dir='ltr'><em>γάνην.</em></span> <span class='ocrx_word' id='word_1_161' title='bbox 455 1854 519 1909; x_wconf 86' lang='lat' dir='ltr'><strong>Nam</strong></span> <span class='ocrx_word' id='word_1_162' title='bbox 535 1854 586 1908; x_wconf 75' lang='lat' dir='ltr'><strong>etsi</strong></span> <span class='ocrx_word' id='word_1_163' title='bbox 601 1855 700 1909; x_wconf 82' lang='lat' dir='ltr'><strong>servari</strong></span> <span class='ocrx_word' id='word_1_164' title='bbox 715 1865 810 1927; x_wconf 83' lang='lat' dir='ltr'><strong>posset</strong></span> <span class='ocrx_word' id='word_1_165' title='bbox 823 1849 954 1930; x_wconf 84' lang='grc' dir='ltr'><em>μνήμην,</em></span> <span class='ocrx_word' id='word_1_166' title='bbox 970 1855 992 1910; x_wconf 86' lang='lat' dir='ltr'><strong>si</strong></span> <span class='ocrx_word' id='word_1_167' title='bbox 1007 1856 1045 1910; x_wconf 87' lang='lat' dir='ltr'><strong>sio</strong></span> <span class='ocrx_word' id='word_1_168' title='bbox 1062 1855 1130 1910; x_wconf 93' lang='lat' dir='ltr'><strong>inter</strong></span> 
     </span>
     <span class='ocr_line' id='line_1_24' title="bbox 325 1931 1130 2017; baseline 0 -22"><span class='ocrx_word' id='word_1_169' title='bbox 325 1932 475 2008; x_wconf 80' lang='grc' dir='ltr'><em>ἁπάντων,</em></span> <span class='ocrx_word' id='word_1_170' title='bbox 491 1931 697 2017; x_wconf 81' lang='grc' dir='ltr'><em>μουσομήτορ’</em></span> <span class='ocrx_word' id='word_1_171' title='bbox 715 1935 851 2016; x_wconf 85' lang='grc' dir='ltr'><em>ἐργάνην,</em></span> <span class='ocrx_word' id='word_1_172' title='bbox 867 1940 941 2014; x_wconf 91' lang='lat' dir='ltr'><strong>quod</strong></span> <span class='ocrx_word' id='word_1_173' title='bbox 956 1941 1019 1996; x_wconf 88' lang='lat' dir='ltr'><strong>olim</strong></span> <span class='ocrx_word' id='word_1_174' title='bbox 1035 1939 1130 1997; x_wconf 81' lang='lat' dir='ltr'><strong>defend</strong></span> 
     </span>
    </p>
   </div>
   <div class='ocr_carea' id='block_1_2' title="bbox 227 2024 1130 2258">
    <p class='ocr_par' dir='ltr' id='par_1_3' title="bbox 223 2010 1130 2258">
     <span class='ocr_line' id='line_1_25' title="bbox 325 2024 1130 2099; baseline -0.001 -18.112"><span class='ocrx_word' id='word_1_175' title='bbox 325 2033 413 2081; x_wconf 85' lang='lat' dir='ltr'><strong>tamen</strong></span> <span class='ocrx_word' id='word_1_176' title='bbox 429 2024 513 2079; x_wconf 90' lang='lat' dir='ltr'><strong>multo</strong></span> <span class='ocrx_word' id='word_1_177' title='bbox 528 2024 617 2096; x_wconf 85' lang='lat' dir='ltr'><strong>aptius</strong></span> <span class='ocrx_word' id='word_1_178' title='bbox 632 2031 660 2079; x_wconf 90' lang='lat' dir='ltr'><strong>et</strong></span> <span class='ocrx_word' id='word_1_179' title='bbox 675 2028 843 2082; x_wconf 85' lang='lat' dir='ltr'><strong>commodius</strong></span> <span class='ocrx_word' id='word_1_180' title='bbox 858 2043 920 2082; x_wconf 87' lang='lat' dir='ltr'><strong>oum</strong></span> <span class='ocrx_word' id='word_1_181' title='bbox 935 2035 1030 2098; x_wconf 84' lang='lat' dir='ltr'><strong>aperto</strong></span> <span class='ocrx_word' id='word_1_182' title='bbox 1043 2027 1130 2099; x_wconf 77' lang='lat' dir='ltr'><strong>geniti</strong></span> 
     </span>
     <span class='ocr_line' id='line_1_26' title="bbox 227 2105 1130 2188; baseline 0.007 -25"><span class='ocrx_word' id='word_1_183' title='bbox 227 2160 232 2173; x_wconf 65' lang='lat'>„</span> <span class='ocrx_word' id='word_1_184' title='bbox 324 2129 387 2183; x_wconf 81' lang='grc' dir='ltr'><em>νην,</em></span> <span class='ocrx_word' id='word_1_185' title='bbox 403 2126 483 2183; x_wconf 74' lang='lat' dir='ltr'><strong>qinom</strong></span> <span class='ocrx_word' id='word_1_186' title='bbox 499 2109 521 2163; x_wconf 87' lang='lat' dir='ltr'><strong>si</strong></span> <span class='ocrx_word' id='word_1_187' title='bbox 538 2105 679 2166; x_wconf 79' lang='grc' dir='ltr'><em>Μουσῶν</em></span> <span class='ocrx_word' id='word_1_188' title='bbox 694 2127 725 2166; x_wconf 80' lang='lat' dir='ltr'><strong>ex</strong></span> <span class='ocrx_word' id='word_1_189' title='bbox 738 2106 959 2188; x_wconf 83' lang='grc' dir='ltr'><em>μουσομήτορα</em></span> <span class='ocrx_word' id='word_1_190' title='bbox 974 2120 1047 2168; x_wconf 83' lang='lat' dir='ltr'><strong>esset</strong></span> <span class='ocrx_word' id='word_1_191' title='bbox 1063 2112 1130 2169; x_wconf 88' lang='lat' dir='ltr'><strong>intel</strong></span> 
     </span>
     <span class='ocr_line' id='line_1_27' title="bbox 228 2185 1130 2258; baseline -0.014 -9"><span class='ocrx_word' id='word_1_192' title='bbox 228 2191 232 2240; x_wconf 66' lang='lat'><strong>‘-</strong></span> <span class='ocrx_word' id='word_1_193' title='bbox 320 2193 464 2258; x_wconf 79' lang='lat' dir='ltr'><strong>&#39;Eunoides</strong></span> <span class='ocrx_word' id='word_1_194' title='bbox 480 2195 608 2250; x_wconf 72' lang='lat' dir='ltr'><strong>Androm.</strong></span> <span class='ocrx_word' id='word_1_195' title='bbox 625 2214 649 2250; x_wconf 86' lang='lat' dir='ltr'><strong>v.</strong></span> <span class='ocrx_word' id='word_1_196' title='bbox 672 2199 759 2252; x_wconf 79' lang='lat'>1014.</span> <span class='ocrx_word' id='word_1_197' title='bbox 779 2190 975 2244; x_wconf 61' lang='lat' dir='ltr'><strong>ronne-t»-</strong></span> <span class='ocrx_word' id='word_1_198' title='bbox 989 2187 1023 2219; x_wconf 66' lang='lat' dir='ltr'><strong>‚n</strong></span> <span class='ocrx_word' id='word_1_199' title='bbox 1048 2210 1051 2211; x_wconf 36' lang='lat'><em>⁷</em></span> <span class='ocrx_word' id='word_1_200' title='bbox 1070 2186 1082 2209; x_wconf 72' lang='lat'>⁸</span> <span class='ocrx_word' id='word_1_201' title='bbox 1099 2185 1130 2205; x_wconf 72' lang='lat'><strong>*¹</strong></span> 
     </span>
    </p>
   </div>
   <div class='ocr_carea' id='block_1_3' title="bbox 0 0 1341 5018">
    <p class='ocr_par' dir='ltr' id='par_1_4' title="bbox 0 0 1341 5018">
     <span class='ocr_line' id='line_1_28' title="bbox 0 0 1341 5018; baseline 0 0"><span class='ocrx_word' id='word_1_202' title='bbox 0 0 1341 5018; x_wconf 95' lang='lat' dir='ltr'><strong> </strong></span> 
     </span>
    </p>
   </div>
  </div>
 </body>
</html>
