2654 5018
469 29 540 87 789.
564 22 619 102 τὴν
634 20 666 82 δ’)
683 22 749 99 ἐμοὶ
765 21 863 95 ottov,
879 28 980 82 omisso
992 21 1094 103 χάριν,

463 115 533 170 784.
557 104 659 177 οἴκους
680 127 729 183 pro
750 103 858 186 λόγους
873 111 923 166 Vit.
946 111 995 166 sed
1017 128 1103 184 suprav

377 191 427 251 xci
453 191 510 262 τὰς
532 188 717 269 ὑποσχέσεις.
755 195 840 251 Aliter
861 195 928 250 alius
944 195 1107 269 glossatori

376 274 527 355 δηλονότι.
556 280 698 335 Elmsleius
719 279 869 335 certissime
891 298 921 335 se
941 298 1075 353 reponere
1094 294 1109 354 p

376 374 492 438 possunt
513 366 564 420 hae
585 364 790 437 explicationes,
816 358 860 438 μὴ
881 357 1059 442 ἀπορρίψχς
1078 380 1111 424 xc

377 442 506 523 ἀτίμους
518 441 655 525 ποιήσῃς.

464 535 533 592 785.
557 528 607 587 καὶ
629 525 720 606 τῆσδε
740 525 812 604 μὲν,
825 525 932 606 ’γέγονε
949 532 1020 605 Lips.
1106 549 1115 592 r

377 634 439 673 nem
454 619 556 691 primae
571 634 666 676 manus
682 616 716 672 Μ.

463 703 532 759 786.
556 693 687 756 λύσοντά
702 717 735 756 σε
751 701 782 756 G.
798 708 826 755 et
840 699 919 772 pauci
934 699 987 754 alii.
1017 692 1119 758 λύσονι

461 787 552 840 τοῦτο
567 778 624 861 γὰρ
640 786 693 840 νῦν
705 782 797 839 ποθῶ
811 785 884 856 Lips.
900 784 1033 856 paucique
1049 784 1092 839 alii
1106 798 1121 840 n

464 870 534 927 788.
557 861 593 924 οὐ
608 869 735 924 omittunt
749 869 780 924 G.
796 868 894 940 aliique
909 868 1019 924 codices
1035 876 1063 923 et
1077 866 1123 924 not

376 951 442 1010 beot
457 945 493 1013 οὐ
509 954 559 1008 vn.
571 953 643 1026 Lips.
659 953 718 1008 Ald.
735 962 763 1009 et
777 953 990 1026 superscriptum
1006 971 1021 1008 a
1036 970 1093 1009 sec.
1108 970 1125 1007 n

460 1028 590 1114 ὅσονπερ
602 1030 725 1113 χρήζετε
742 1038 813 1112 Lips.
1060 1092 1064 1101 ,

462 1125 533 1180 790.
555 1116 751 1200 ἓγγράφοοσα
770 1139 786 1178 a
808 1140 849 1195 pr.
870 1140 950 1179 manu
970 1121 1097 1178 habuisse
1119 1140 1129 1174 i

376 1205 459 1263 habet
473 1225 488 1263 a
503 1207 632 1266 secunda.

459 1285 612 1366 μνήμοσιν
625 1291 660 1347 Μ.
688 1283 821 1366 μνήμοσι
838 1293 868 1348 G.
886 1292 936 1347 Vit.
952 1291 1025 1364 Lips.
1041 1291 1131 1363 aliique

461 1377 639 1432 imitationem
655 1376 796 1448 scriptoris
812 1377 857 1447 qui
869 1376 1043 1448 Hermippum
1059 1375 1130 1431 diaio

377 1460 470 1516 derum
485 1461 512 1515 in
527 1460 694 1534 praefatione
709 1459 887 1532 Theophrasti
902 1477 929 1532 p.
946 1461 996 1515 25.
1012 1460 1130 1515 adnotavi

375 1538 508 1617 μνήμοσι
524 1538 640 1609 δέλτοις
654 1545 773 1619 φρενῶν
787 1536 870 1599 ταῦτ’
887 1536 1090 1619 ἓγγράψομοι.

463 1628 533 1684 791.
556 1617 598 1683 ὅτ’
617 1620 655 1681 ἂν
669 1626 719 1681 Vit.
806 1617 888 1703 ὅριοι
902 1628 933 1683 G.
949 1628 1009 1684 ΑΜ.

463 1712 533 1767 792.
557 1703 688 1776 ἀντολὰς
702 1710 736 1766 ii.
753 1712 784 1767 G.
800 1713 859 1768 ΑΙιΙ.
876 1712 943 1768 non.
974 1705 1128 1779 ἀνατολὰς

461 1792 627 1870 φλογῶπας
641 1795 766 1851 Panwius
781 1806 809 1853 et
824 1798 869 1863 ita,
886 1807 916 1854 ut
930 1797 1042 1862 videtur,
1060 1797 1094 1853 tt.
1124 1816 1130 1849 ι

376 1887 405 1934 et
419 1878 505 1935 ceteri
518 1878 578 1933 libri
593 1887 702 1952 practer
715 1881 774 1937 ΑΜ.
791 1900 859 1956 quac
875 1877 1033 1961 φλογοιιιὶς
1047 1882 1129 1937 habet

459 1955 636 2038 ἡλιοστιζεῖς
650 1965 723 2037 LipS.

462 2048 527 2104 Post
541 2050 613 2112 hmic
628 2068 734 2107 versum
750 2052 849 2125 aliquid
864 2054 994 2109 excidisse
1010 2052 1130 2108 umnenn

463 2136 532 2192 793.
556 2127 667 2192 πόντον
682 2136 715 2192 Μ.
731 2138 762 2192 G.
780 2137 844 2207 Vcn.
866 2140 891 2194 l.
907 2138 982 2193 Bess.
999 2137 1057 2193 nto.

463 2220 532 2276 794.
555 2215 704 2294 uenatore
719 2223 749 2276 G.
766 2221 863 2292 aliique
875 2234 902 2275 ct
913 2221 971 2275 nid.
985 2220 1052 2275 noo.
1083 2237 1130 2274 σκι

376 2296 505 2376 κοθίνης
524 2303 589 2360 Ven.
612 2307 641 2362 3.
681 2297 809 2376 κιθήνης
830 2304 880 2357 Vit.
908 2302 953 2371 (de
979 2320 1032 2376 quo
1054 2303 1120 2358 salsa

377 2386 452 2442 Golb.
470 2388 498 2443 2.
543 2383 683 2444 κισθίνος
701 2386 782 2438 Turn.
827 2385 921 2428 νιν...
946 2386 1114 2417 ---·-ῶ--ί
